=LDR  05484cas a2201165 a 4500
=001  013357564
=003  Uk
=005  20230511162905.0
=006  m\\\\\\\\d\\\\\\\\
=007  cr|mnu||||||||
=008  000707c19909999enkqx\pss\\\\\0\\\a0eng\d
=FMT  \\$a  SE
=015  \\$aGBA605156$2bnb
=022  0\$a1469-9656$202
=037  \\$aBL_10538372$bPortico$nCambridge University Press
=037  3\$aISSN_10538372$bPortico$nCambridge University Press
=040  \\$aF#A$beng$cF#A$dOCLCQ$dLVB$dOCLCQ$dOCL$dUk
=042  \\$aissnuk$aukblsr
=082  04$a330.05$223
=130  0\$aJournal of the history of economic thought (Online)
=222  \0$aJournal of the history of economic thought$b(Online)
=245  10$aJournal of the history of economic thought$h[electronic resource].
=246  3\$aJHET
=260  \\$a[Abingdon, Oxfordshire] :$bCarfax International Publishers
=260  3\$32008-$aCambridge :$bCambridge University Press
=310  \\$aFour issues a year
=336  \\$atext$2rdacontent
=337  \\$acomputer$2rdamedia
=338  \\$aonline resource$2rdacarrier
=362  1\$aPrint began with vol. 12, no. 1 (spring 1990).
=530  \\$aAlso issued in print.
=538  \\$aMode of access: World Wide Web.
=500  \\$aPublished: Taylor & Francis, 2001-2007; Cambridge University Press from 2008.
=580  \\$aIncludes issues of earlier title: History of Economics Society bulletin (Online).
=588  \\$aDescription based on: Vol. 22, no. 1 (Mar. 2000); title from journal information screen (viewed June 6, 2000).
=588  \\$aLatest issue consulted: Vol. 33, issue 2 (2011) (Cambridge Journals, viewed June 16, 2011).
=550  \\$aThe journal of the History of Economics Society.
=540  \\$aCurrent Copyright Fee: GBP10.00$c0$5Uk
=650  \0$aEconomics$xHistory$vPeriodicals.
=690  7\$aManagement and Business Studies$2blcoll
=710  2\$aHistory of Economics Society.
=776  08$iPrint version:$tJournal of the history of economic thought$x1053-8372
=780  10$tHistory of Economics Society bulletin (Online)
=859  \\$aELD$bejournal
=856  4\$ahttp://taylorandfrancis.metapress.com/app/home/journal.asp?wasp=d197b687f623478a8dfc062a7732d3dd&referrer=parent&backto=linkingpublicationresults,1:104632,1
=856  40$uhttp://journals.cambridge.org/action/displayJournal?jid=HET$zIncludes issues of earlier title: History of Economics Society bulletin (Online)
=852  41$aBritish Library$bHMNTS$jELD Digital store$3Volume 36:Issue 1(2014:Mar.)-
=852  41$aBritish Library$bDSC$j5000.780000$3Volume 28:Issue 1(2006)-Volume 29:Issue 4(2007)***See ESTAR for full holdings.
=945  \\$aJournal of the history of economic thought
=959  \\$fHeld but not currently received
=985  \\$aEjournals project 2012.
=CAT  \\$a11187$b40$c20051210$lBLL01$h1425
=CAT  \\$a5997$b40$c20121206$lBLL01$h1529
=CAT  \\$aWR13.005$c20130323$lBLL01$h1335
=CAT  \\$aBATCH-CLA$b00$c20130526$lBLL01$h1648
=CAT  \\$a14112$b40$c20131211$lBLL01$h1727
=CAT  \\$a8478$b40$c20131220$lBLL01$h1054
=CAT  \\$a11316$b40$c20140117$lBLL01$h0832
=CAT  \\$a11316$b40$c20140117$lBLL01$h0833
=CAT  \\$a14112$b40$c20140131$lBLL01$h1011
=CAT  \\$a14112$b40$c20140212$lBLL01$h1404
=CAT  \\$aWR14_097$c20140704$lBLL01$h1704
=CAT  \\$aBLDSS-3PM$b00$c20141208$lBLL01$h1625
=CAT  \\$aBATCH-UPD$b00$c20160413$lBLL01$h1820
=CAT  \\$a5552$b40$c20160603$lBLL01$h0842
=CAT  \\$aIPL-CLA$c20160630$lBLL01$h1605
=CAT  \\$aW1711-1005$c20171206$lBLL01$h1818
=CAT  \\$a11033$b40$c20180222$lBLL01$h1629
=CAT  \\$aW1902-1304$c20190314$lBLL01$h1239
=CAT  \\$aBATCH-UPD$b00$c20190314$lBLL01$h1618
=CAT  \\$aIPL-CLA$c20190331$lBLL01$h1726
=CAT  \\$aDEL-3PM$c20190409$lBLL01$h0905
=CAT  \\$aBATCH-CLA$b00$c20191219$lBLL01$h1735
=CAT  \\$aIPL-CLA$c20191231$lBLL01$h1937
=CAT  \\$aR2001-1524$c20200127$lBLL01$h2015
=CAT  \\$a12654$b40$c20200129$lBLL01$h0915
=CAT  \\$aBATCH-FIX$c20230511$lBLL01$h1629
=CFI  2\$aPrevious Copyright Fee: GBP10.00$c0$e29-jan-2020$fGBP10.00$g0$hC$5Uk
=EST  \\$a1
=FIN  \\$aY$d20051210
=LEO  \\$aMP22.0000063739
=MNI  \\$a1053-8372
=SID  \\$aZ39$bOCLC
=SRC  \\$aISN01$bbibmp22.200404.2.aa
=TCO  \\$aCLA$bCLA$c008
=TCO  \\$aTRS$bCCC$c008
=TOC  \\$aETOC
=ACF  \\$aPrevious Copyright Fee: GBP20.00$c0$e01-jan-2020$fGBP20.00$g0$hA$5Uk
=ACF  \\$aPrevious Copyright Fee: GBP17.50$c0$e01-apr-2019$fGBP17.50$g0$hA$5Uk
=ACF  \\$aPrevious Copyright Fee: GBP10.00$c0$e01-jul-2009$fGBP10.00$g0$hC$5Uk
=ACF  \\$aPrevious Copyright Fee: GBP17.02$c0$e01-apr-2009$fGBP17.02$g0$hC$5Uk
=ACF  \\$aCurrent Copyright Fee: GBP10.00$c0$e12-jan-2009$fGBP10.00$g0$hC$5Uk
=ACF  \\$aCurrent copyright fee: GBP6.00$c0$e14-NOV-2008$fGBP6.00$g0$hA$5Uk
=ACF  \\$aCurrent copyright fee: GBP15.00$c1\0$e01-apr-2008$fGBP15.00$g0$hP$5Uk
=ACF  \\$aPrevious copyright fee: GBP16.00$c1\0$e01-jan-2007$fGBP16.00$g0$hP$5Uk
=ACF  \\$aPrevious copyright fee: GBP13.00$c1\0$e01-jan-2005$fGBP13.00$g0$hP$5Uk
=ACF  \\$aCurrent Copyright Fee: GBP10.00$c0$e01-jan-2011$fGBP10.00$g0$hC$5Uk
=ACF  \\$aPrevious copyright fee: GBP20.00$c43\0$e18-feb-2011$fGBP20.00$g0$hP$5Uk
=ACF  \\$aPrevious copyright fee: GBP25.00$c43\0$e01-jul-2016$fGBP25.00$g0$hP$5Uk
=LAS  \\$aBATCH-FIX$b00$c20230511$lBLL01$h1629

