=LDR  05258cas a2201105 a 4500
=001  015586371
=003  Uk
=005  20221231145033.0
=006  m\\\\\\\\d\\\\\\\\
=007  cr\|||||||||||
=008  100625c20049999xx\qr\p\s\\\\\0\\\a0eng\\
=FMT  \\$a  SE
=015  \\$aGBB0B8696$2bnb
=022  \\$a1942-258X$y1476-6086
=037  \\$aISSN_14766086$bPortico$nTaylor & Francis
=040  \\$aUk$beng$cUk$dUk
=042  \\$aukblsr
=082  04$a201.7$222
=130  0\$aJournal of management, spirituality & religion (Online)
=222  \0$aJournal of management, spirituality & religion$b(Online)
=245  10$aJournal of management, spirituality & religion$h[electronic resource].
=246  3\$aJournal of management spirituality and religion
=260  \\$a[Abingdon] :$bRoutledge
=264  31$32021-$a[place of publication not identified] :$bInternational Association of Management, Spirituality & Religion
=310  \\$aQuarterly,$b2006-
=321  \\$aSemiannual,$b2004
=321  \\$a3 times a year,$b2005
=336  \\$atext$2rdacontent
=337  \\$acomputer$2rdamedia
=338  \\$aonline resource$2rdacarrier
=362  0\$aVol. 1, issue 1 (2004)-
=500  \\$aTitle from issues list (InformaWorld viewed on Oct. 5, 2010).
=588  \\$aLatest issue consulted: Volume 18, number 6 (2021) (Ingenta Connect, viewed December 13, 2021).
=540  \\$aCurrent Copyright Fee: GBP25.00$c0$5Uk
=650  \0$aReligion in the workplace$vPeriodicals.
=650  \0$aManagement$xReligious aspects$vPeriodicals.
=650  \0$aEmployees$xReligious life$vPeriodicals.
=650  \0$aBusiness$xReligious aspects$vPeriodicals.
=776  08$iPrint version:$tJournal of management, spirituality & religion$x1476-6086
=859  \\$aELD$bejournal
=856  4\$ahttp://www.informaworld.com/smpp/title~db=all~content=t792992301~tab=issueslist
=856  40$uhttp://www.tandfonline.com/toc/rmsr20/current
=856  40$uhttps://www.ingentaconnect.com/content/1942-258X
=852  \\$aBritish Library$bHMNTS$jELD Digital Store$3Volume 13:Issue 1(2016)-Volume 17:Issue 5(2020)***Previous issues available in print copy
=852  41$aBritish Library$bDSC$j5011.450000$3Volume 6:Issue 1(2009)-Volume 6:Issue 2(2009)***See ESTAR for full holdings.
=945  \\$aJournal of management spirituality and religion
=959  \\$fHeld but not currently received
=985  \\$aSays "Routledge, Taylor & Franicis Group" on PDF 21.6.16.
=CAT  \\$a6811$b40$c20100625$lBLL01$h1408
=CAT  \\$aBATCH-UPD$b00$c20141124$lBLL01$h1805
=CAT  \\$aBLDSS-3PM$b00$c20141130$lBLL01$h1250
=CAT  \\$aIPL-CLA$c20141231$lBLL01$h1701
=CAT  \\$aBATCH-UPD$b00$c20151119$lBLL01$h1545
=CAT  \\$aIPL-CLA$c20151231$lBLL01$h1932
=CAT  \\$a6790$b40$c20160115$lBLL01$h0755
=CAT  \\$aBATCH-UPD$b40$c20160620$lBLL01$h0221
=CAT  \\$a3072$b40$c20160621$lBLL01$h1328
=CAT  \\$aBATCH-UPD$b40$c20161122$lBLL01$h1514
=CAT  \\$aIPL-CLA$c20161230$lBLL01$h2344
=CAT  \\$aBATCH-UPD$b00$c20171121$lBLL01$h1649
=CAT  \\$aW1711-1005$c20171206$lBLL01$h1822
=CAT  \\$aIPL-CLA$c20171231$lBLL01$h1801
=CAT  \\$aBATCH-UPD$b00$c20181217$lBLL01$h1640
=CAT  \\$aIPL-CLA$c20181231$lBLL01$h1550
=CAT  \\$aBATCH-UPD$b00$c20191122$lBLL01$h1902
=CAT  \\$aIPL-CLA$c20191231$lBLL01$h2023
=CAT  \\$aBATCH-UPD$b00$c20201118$lBLL01$h1336
=CAT  \\$a12654$b40$c20201119$lBLL01$h1420
=CAT  \\$aIPL-CLA$c20201231$lBLL01$h1531
=CAT  \\$aDEL-3PM$c20210112$lBLL01$h1250
=CAT  \\$a3072$b40$c20211208$lBLL01$h1648
=CAT  \\$a3072$b40$c20211213$lBLL01$h1411
=CAT  \\$aBATCH-CLA$b00$c20221221$lBLL01$h1920
=CAT  \\$aIPL-CLA$c20221231$lBLL01$h1450
=CFI  0\$aCurrent Copyright Fee: GBP25.00$c0$e01-jan-2023$fGBP25.00$g0$hA$5Uk
=CFI  2\$aPrevious copyright fee: GBP22.50$c0$e01-jan-2021$fGBP22.50$g0$hA$5Uk
=EST  \\$a1
=FIN  \\$aY$d20101005
=LET  \0$aJournal of management, spirituality & religion (Electronic)
=LKR  \\$aPAR$b012908314$lBLL01$r776$mJournal of management, spirituality & religion (Online)$nJournal of management, spirituality & religion (Print)
=MNI  \\$a1476-6086
=TCO  \\$aCLA$bCLA$c008
=TOC  \\$aETOC
=ACF  \\$aPrevious copyright fee: GBP17.00$c2\0$e25-jun-2010$fGBP17.00$g0$hP$5Uk
=ACF  \\$aPrevious copyright fee: GBP21.00$c2\0$e01-jan-2011$fGBP21.00$g0$hP$5Uk
=ACF  \\$aPrevious copyright fee: GBP23.00$c2\0$e01-jan-2012$fGBP23.00$g0$hP$5Uk
=ACF  \\$aPrevious copyright fee: GBP23.50$c2\0$e01-jan-2013$fGBP23.50$g0$hP$5Uk
=ACF  \\$aPrevious copyright fee: GBP24.00$c2\0$e01-jan-2014$fGBP24.00$g0$hP$5Uk
=ACF  \\$aPrevious copyright fee: GBP25.00$c2\0$e01-jan-2015$fGBP25.00$g0$hP$5Uk
=ACF  \\$aPrevious copyright fee: GBP26.00$c2\0$e01-jan-2016$fGBP26.00$g0$hP$5Uk
=ACF  \\$aPrevious copyright fee: GBP28.00$c2\0$e01-jan-2017$fGBP28.00$g0$hP$5Uk
=ACF  \\$aPrevious copyright fee: GBP30.00$c2\0$e01-jan-2018$fGBP30.00$g0$hP$5Uk
=ACF  \\$aPrevious copyright fee: GBP32.00$c2\0$e01-jan-2019$fGBP32.00$g0$hP$5Uk
=ACF  \\$aPrevious copyright fee: GBP34.00$c2\0$e01-jan-2020$fGBP34.00$g0$hP$5Uk
=LAS  \\$aIPL-CLA$b00$c20221231$lBLL01$h1450

