=LDR  05181cas a2201093 i 4500
=001  016042357
=003  Uk
=005  20230930081012.0
=006  m\\\\\\\\d\|\\\\\\
=007  cr||||||||||||
=008  120302c19999999enkqx\p\o\\\\\0\\\a0eng\\
=FMT  \\$a  SE
=015  \\$aGBB5H8576$2bnb
=022  0\$a2049-8543
=037  \\$aISSN_14623730$bPortico$nTaylor & Francis
=040  \\$aUk$beng$cUk$dUk$erda
=042  \\$aukblsr
=082  04$a362.205$223
=210  0\$aInt. j. ment. health promot.$b(Online)
=222  \4$aThe international journal of mental health promotion$b(Online)
=245  00$aInternational journal of mental health promotion.
=264  \1$aBrighton :$bPavilion,$c1999-
=264  21$32002-2011$aStafford :$bClifford Beers Foundation
=264  31$32012-$aAbingdon :$bRoutledge
=310  \\$aFive times a year
=321  \\$aFour issues yearly
=336  \\$atext$2rdacontent
=337  \\$acomputer$2rdamedia
=338  \\$aonline resource$2rdacarrier
=362  1\$aPrint began with vol. 1, issue 1 (Jan. 1999).
=588  \\$aDescription based on print version record.
=588  \\$aLatest issue consulted: volume 17, issue 4 (2015) (Taylor & Francis Online, viewed December 9, 2015).
=540  \\$aCurrent copyright fee: GBP41.40$c0$5Uk
=650  \0$aMental health promotion$vPeriodicals.
=690  7\$aSocial Welfare$2blcoll
=710  2\$aClifford Beers Foundation,$eissuing body.
=776  08$iAlso issued in print as:$tInternational journal of mental health promotion$x1462-3730
=859  \\$aELD$bejournal
=856  40$ahttp://www.tandfonline.com/loi/rijm20
=856  40$uhttp://www.ingentaconnect.com/content/cbf/ijmhp
=852  41$aBritish Library$bDSC$j4542.352050$3Volume 13:Issue 1(2011)-Volume 19:Issue 5(2017)***See ESTAR for full holdings.
=852  41$aBritish Library$bHMNTS$jELD Digital store$3Volume 18:Issue 1(2016)-Volume 19:Issue 5(2017)***Transferred from print***Previous issues available in print copy
=945  \\$aInternational journal of mental health promotion
=959  \\$fHeld but not currently received
=985  \\$aISSN Description based on: Vol. 4, no. 1, (Feb. 2002) (IngentaConnect, viewed Mar. 2, 2012).
=985  \\$aISSN Centre note: ISSN responsibility transferred to US ISSN Center, 20/05/13.
=CAT  \\$a11316$b40$c20120302$lBLL01$h1520
=CAT  \\$a8124$b40$c20151209$lBLL01$h1206
=CAT  \\$aIPL-CLA$c20151231$lBLL01$h1934
=CAT  \\$a14448$b40$c20160126$lBLL01$h1549
=CAT  \\$a5552$b40$c20160304$lBLL01$h1526
=CAT  \\$aBATCH-UPD$b40$c20160522$lBLL01$h2352
=CAT  \\$aBATCH-UPD$b40$c20161122$lBLL01$h1501
=CAT  \\$aIPL-CLA$c20161231$lBLL01$h0001
=CAT  \\$aBATCH-UPD$b00$c20171121$lBLL01$h1640
=CAT  \\$aW1711-1005$c20171206$lBLL01$h1824
=CAT  \\$aIPL-CLA$c20171231$lBLL01$h1812
=CAT  \\$a8055$b40$c20181026$lBLL01$h1235
=CAT  \\$aBATCH-UPD$b40$c20181217$lBLL01$h1648
=CAT  \\$aIPL-CLA$c20181231$lBLL01$h1552
=CAT  \\$aBATCH-UPD$b00$c20191122$lBLL01$h1910
=CAT  \\$aIPL-CLA$c20191231$lBLL01$h2030
=CAT  \\$aBATCH-UPD$b00$c20201118$lBLL01$h1345
=CAT  \\$aIPL-CLA$c20201231$lBLL01$h1532
=CAT  \\$aBATCH-UPD$b00$c20221121$lBLL01$h1335
=CAT  \\$aIPL-CLA$c20221231$lBLL01$h1451
=CAT  \\$a12654$b40$c20230802$lBLL01$h0940
=CAT  \\$aDEL-3PM$c20230807$lBLL01$h0859
=CAT  \\$a12654$b40$c20230912$lBLL01$h1008
=CAT  \\$a12654$b40$c20230912$lBLL01$h1009
=CAT  \\$a12654$b40$c20230912$lBLL01$h1011
=CAT  \\$aIPL-CLA$c20230930$lBLL01$h0810
=CFI  0\$aCurrent copyright fee: GBP41.40$c0$e01-oct-2023$fGBP41.40$g0$hC$5Uk
=CFI  2\$aPrevious copyright fee: GBP25.00$c0$e02-aug-2023$fGBP25.00$g0$hC$5Uk
=EST  \\$a1
=FIN  \\$aY$d20130510
=LET  \0$aInternational journal of mental health promotion (Online)
=LKR  \\$aPAR$b007922013$lBLL01$nInternational journal of mental health promotion (Print)$mInternational journal of mental health promotion (Online)$r776
=MNI  \\$a1462-3730
=TCO  \\$aCLA$bCLA$c008
=TOC  \\$aETOC
=ACF  \\$aPrevious Copyright Fee: GBP27.50$c2\0$e26-mar-2013$fGBP27.50$g0$hP$5Uk
=ACF  \\$aPrevious copyright fee: GBP23.50$c2\0$e05-nov-2013$fGBP23.50$g0$hP$5Uk
=ACF  \\$aPrevious copyright fee: GBP24.00$c2\0$e01-jan-2014$fGBP24.00$g0$hP$5Uk
=ACF  \\$aPrevious copyright fee: GBP26.00$c2\0$e01-jan-2016$fGBP26.00$g0$hP$5Uk
=ACF  \\$aPrevious copyright fee: GBP25.00$c2\0$e01-jan-2015$fGBP25.00$g0$hP$5Uk
=ACF  \\$aPrevious copyright fee: GBP34.00$c2\0$e04-mar-2016$fGBP34.00$g0$hP$5Uk
=ACF  \\$aPrevious copyright fee: GBP36.00$c2\0$e01-jan-2017$fGBP36.00$g0$hP$5Uk
=ACF  \\$aPrevious copyright fee: GBP38.00$c2\0$e01-jan-2018$fGBP38.00$g0$hP$5Uk
=ACF  \\$aPrevious copyright fee: GBP40.00$c2\0$e01-jan-2019$fGBP40.00$g0$hP$5Uk
=ACF  \\$aPrevious copyright fee: GBP42.00$c2\0$e01-jan-2020$fGBP42.00$g0$hP$5Uk
=ACF  \\$aPrevious copyright fee: GBP46.00$c2\0$e01-jan-2023$fGBP46.00$g0$hP$5Uk
=ACF  \\$aPrevious copyright fee: GBP44.00$c2\0$e01-jan-2021$fGBP44.00$g0$hP$5Uk
=LAS  \\$aIPL-CLA$b00$c20230930$lBLL01$h0810

