=LDR  06621cas a2201345 a 4500
=001  012432930
=003  Uk
=005  20230927150917.0
=006  m\\\\\o\\d\\\\\\\\
=007  cr\nnu||||||||
=008  040410c19959999ne\qr\p\o\\\\\0\\\a0eng\\
=FMT  \\$a  SE
=019  c\$a102499998
=022  0\$a1875-8207
=037  \\$a???$bKluwer Law International
=040  \\$aUk$cUk$dUk
=042  \\$aukblsr
=082  04$a342.241$220
=130  0\$aEuropean public law (Online)
=222  \0$aEuropean public law$b(Online)
=245  10$aEuropean public law$h[electronic resource]
=260  \\$a[Netherlands] :$bKluwer Law International
=310  \\$aQuarterly
=336  \\$atext$2rdacontent
=337  \\$acomputer$2rdamedia
=338  \\$aonline resource$2rdacarrier
=362  1\$aPrint version began with vol. 1, issue 1 (Mar. 1995).
=538  \\$aMode of access: World Wide Web.
=540  \\$aCurrent copyright fee: GBP20.83$c34\0$5Uk
=650  \0$aPublic law$zEurope$vPeriodicals.
=650  \0$aAdministrative law$zEurope$vPeriodicals.
=776  08$iPrint version :$tEuropean public law$x1354-3725
=859  \\$aELD$bejournal
=856  40$ahttp://www.kluwerlawonline.com/toc.php?area=Journals&mode=bypub&level=4&values=JournalsẼ̃uropean+Public+Law
=852  41$aBritish Library$bDSC$j3829.842800$3Volume 6:Issue 1(2000)-Volume 15:Issue 4(2009)***See ESTAR for full holdings.
=852  41$aBritish Library$bHMNTS$jELD Digital store$3Volume 28:Issue 3(2022)-
=945  \\$aEUROPEAN PUBLIC LAW.
=959  \\$fHeld but not currently received
=963  \\$aCA/U13 VOL. 1, 1995- *A=1$bN
=985  \\$aCorrected by MS generated file for WR# 12.018
=A02  \\$a102499998
=CAT  \\$aCONV$b00$c20040425$lBLL90$h0712
=CAT  \\$aIPL-CLA$c20160930$lBLL01$h1558
=CAT  \\$aBATCH-UPD$b00$c20170216$lBLL01$h1918
=CAT  \\$aIPL-CLA$c20170331$lBLL01$h1840
=CAT  \\$aBATCH-UPD$b00$c20170904$lBLL01$h1938
=CAT  \\$aIPL-CLA$c20170929$lBLL01$h1724
=CAT  \\$aBATCH-UPD$b00$c20180223$lBLL01$h1814
=CAT  \\$aIPL-CLA$c20180331$lBLL01$h1615
=CAT  \\$aBATCH-UPD$b00$c20180823$lBLL01$h1954
=CAT  \\$aIPL-CLA$c20180930$lBLL01$h1500
=CAT  \\$aBATCH-UPD$b00$c20190829$lBLL01$h1554
=CAT  \\$aIPL-CLA$c20190930$lBLL01$h1635
=CAT  \\$aBATCH-UPD$b00$c20200219$lBLL01$h1535
=CAT  \\$aIPL-CLA$c20200331$lBLL01$h1612
=CAT  \\$aBATCH-UPD$b00$c20200522$lBLL01$h1519
=CAT  \\$aIPL-CLA$c20200701$lBLL01$h0053
=CAT  \\$aBATCH-UPD$b00$c20210226$lBLL01$h1101
=CAT  \\$aIPL-CLA$c20210331$lBLL01$h1659
=CAT  \\$aBATCH-UPD$b00$c20210707$lBLL01$h1624
=CAT  \\$aIPL-CLA$c20210707$lBLL01$h1843
=CAT  \\$aBATCH-UPD$b00$c20220520$lBLL01$h1706
=CAT  \\$aIPL-CLA$c20220630$lBLL01$h1536
=CAT  \\$aBATCH-UPD$b00$c20220824$lBLL01$h0929
=CAT  \\$aIPL-CLA$c20220930$lBLL01$h1426
=CAT  \\$a15020$b40$c20230920$lBLL01$h1223
=CAT  \\$a5410$b40$c20230927$lBLL01$h1509
=CFI  0\$aCurrent copyright fee: GBP20.83$c34\0$e01-oct-2022$fGBP20.83$g0$hP$5Uk
=CFI  2\$aPrevious copyright fee: GBP20.00$c34\0$e01-jul-2022$fGBP20.00$g0$hP$5Uk
=EST  \\$a1
=FIN  \\$aY
=LEO  \\$aMP10.0000630200
=LKR  \\$aPAR$b007859065$lBLL01$r7760$mEuropean public law (Online)$nEuropean public law
=MNI  \\$a1354-3725
=SRC  \\$aDSS01$bbibmp10.200404.2.aa
=TCO  \\$aNLD$bSTICHTING REPRORECHT$c008
=TCO  \\$aCLA$bCLA$c008
=TOC  \\$aETOC
=UNO  \\$aY
=ACF  \\$aPrevious copyright fee: GBP15.63$c34\0$e01-jul-2011$fGBP15.63$g0$hP$5Uk
=ACF  \\$aPrevious copyright fee: GBP16.13$c34\0$e01-jul-2010$fGBP16.13$g0$hP$5Uk
=ACF  \\$aPrevious copyright fee: GBP15.15$c34\0$e01-oct-2009$fGBP15.15$g0$hP$5Uk
=ACF  \\$aPrevious copyright fee: GBP17.86$c34\0$e01-apr-2009$fGBP17.86$g0$hP$5Uk
=ACF  \\$aPrevious copyright fee: GBP15.63$c34\0$e01-jan-2009$fGBP15.63$g0$hP$5Uk
=ACF  \\$aPrevious copyright fee: GBP12.50$c34\0$e01-jul-2007$fGBP12.50$g0$hP$5Uk
=ACF  \\$aPrevious copyright fee: GBP12.82$c34\0$e01-apr-2007$fGBP12.82$g0$hP$5Uk
=ACF  \\$aPrevious copyright fee: GBP13.52$c34\0$e01-oct-2006$fGBP13.52$g0$hP$5Uk
=ACF  \\$aPrevious copyright fee: GBP14.29$c34\0$e01-apr-2006$fGBP14.29$g0$hP$5Uk
=ACF  \\$aPrevious copyright fee: GBP13.89$c34\0$e01-jan-2006$fGBP13.89$g0$hP$5Uk
=ACF  \\$aPrevious copyright fee: GBP13.51$c34\0$e01-apr-2005$fGBP13.51$g0$hP$5Uk
=ACF  \\$aPrevious copyright fee: GBP13.89$c34\0$e01-jan-2005$fGBP13.89$g0$hP$5Uk
=ACF  \\$aPrevious copyright fee: GBP13.51$c34\0$e01-apr-2004$fGBP13.51$g0$hP$5Uk
=ACF  \\$aCurrent copyright fee: GBP14.71$c34\0$e01-jan-2004$fGBP14.71$g0$hP$5Uk
=ACF  \\$aCurrent copyright fee: GBP15.63$c34\0$e02-jan-2003$fGBP15.63$g0$hP$5Uk
=ACF  \\$aPrevious copyright fee: GBP16.13$c34\0$e01-jan-2012$fGBP16.13$g0$hP$5Uk
=ACF  \\$aPrevious copyright fee: GBP15.15$c34\0$e01-jul-2012$fGBP15.15$g0$hP$5Uk
=ACF  \\$aPrevious copyright fee: GBP15.63$c34\0$e01-jan-2013$fGBP15.63$g0$hP$5Uk
=ACF  \\$aPrevious copyright fee: GBP16.13$c34\0$e01-jul-2013$fGBP16.13$g0$hP$5Uk
=ACF  \\$aPrevious copyright fee: GBP15.63$c34\0$e01-jan-2014$fGBP15.63$g0$hP$5Uk
=ACF  \\$aPrevious copyright fee: GBP15.15$c34\0$e01-jul-2014$fGBP15.15$g0$hP$5Uk
=ACF  \\$aPrevious copyright fee: GBP16.13$c34\0$e01-apr-2015$fGBP16.13$g0$hP$5Uk
=ACF  \\$aPrevious copyright fee: GBP16.37$c34\0$e01-jul-2015$fGBP16.37$g0$hP$5Uk
=ACF  \\$aPrevious copyright fee: GBP16.13$c34\0$e01-oct-2015$fGBP16.13$g0$hP$5Uk
=ACF  \\$aPrevious copyright fee: GBP17.24$c34\0$e01-apr-2016$fGBP17.24$g0$hP$5Uk
=ACF  \\$aPrevious copyright fee: GBP18.52$c34\0$e01-oct-2016$fGBP18.52$g0$hP$5Uk
=ACF  \\$aPrevious copyright fee: GBP20.00$c34\0$e01-apr-2017$fGBP20.00$g0$hP$5Uk
=ACF  \\$aPrevious copyright fee: GBP19.23$c34\0$e01-oct-2017$fGBP19.23$g0$hP$5Uk
=ACF  \\$aPrevious copyright fee: GBP17.86$c34\0$e01-apr-2018$fGBP17.86$g0$hP$5Uk
=ACF  \\$aPrevious copyright fee: GBP19.23$c34\0$e01-oct-2018$fGBP19.23$g0$hP$5Uk
=ACF  \\$aPrevious copyright fee: GBP20.00$c34\0$e01-oct-2019$fGBP20.00$g0$hP$5Uk
=ACF  \\$aPrevious copyright fee: GBP19.23$c34\0$e01-apr-2020$fGBP19.23$g0$hP$5Uk
=ACF  \\$aPrevious copyright fee: GBP20.00$c34\0$e01-jul-2020$fGBP20.00$g0$hP$5Uk
=ACF  \\$aPrevious copyright fee: GBP18.52$c34\0$e01-apr-2021$fGBP18.52$g0$hP$5Uk
=ACF  \\$aPrevious copyright fee: GBP17.86$c34\0$e07-jul-2021$fGBP17.86$g0$hP$5Uk
=LAS  \\$a5410$b40$c20230927$lBLL01$h1509

