=LDR  05743cas a2201261 a 4500
=001  013357579
=003  Uk
=005  20230516095248.0
=006  m\\\\\\\\d\\\\\\\\
=007  cr\|||||||||||
=008  020502c19729999enkbr\pss\b\\\0\\\a0eng\d
=FMT  \\$a  SE
=010  \\$a2002238425
=015  \\$aGBA605171$2bnb
=022  0\$a1465-3923$y0090-5992$202
=035  \\$a(OCoLC)49705566
=037  \\$aISSN_00905992$bPortico$nTaylor & Francis
=037  3\$aISSN_00905992_30$bPortico$nCambridge University Press
=040  \\$aInU$cInU$dOCoLC$dCStRLIN$dUk
=042  \\$aukblsr$aissnuk
=043  \\$aee-----$ae-ur---$an-us---
=046  \\$at$c1999$e9999
=082  04$a305.8$223
=130  0\$aNationalities papers (Online)
=222  \0$aNationalities papers$b(Online)
=245  10$aNationalities papers$h[electronic resource].
=260  \\$a[London] :$bCarfax,$c1999-
=264  21$a[London] :$bRoutledge, Taylor & Francis Group
=264  31$a[Cambridge] :$bCambridge University Press,$c2019-
=310  \\$aBimonthly,$b2009-
=321  \\$aFive times a year,$b2006-2008
=321  \\$aQuarterly,$b-2005
=336  \\$atext$2rdacontent
=337  \\$acomputer$2rdamedia
=338  \\$aonline resource$2rdacarrier
=362  1\$aPrint began in 1972.
=500  \\$aSome issues have also a distinctive title.
=530  \\$aAlso issued in print.
=538  \\$aMode of access: World Wide Web.
=588  \\$aDescription based on: Vol. 27, no. 1 (Mar. 1999); title from introductory page, viewed May 2, 2002.
=588  \\$aLatest issue consulted: volume 47, issue 1 (2019), Cambridge University Press' Cambridge Core website, viewed September 10, 2020.
=540  \\$aCurrent Copyright Fee: GBP22.50$c0$5Uk
=650  \0$aEthnology$zEurope, Eastern$vPeriodicals.
=650  \0$aEthnology$zFormer Soviet republics$vPeriodicals.
=650  \0$aImmigrants$zUnited States$vPeriodicals.
=690  7\$aSocial Welfare$2blcoll
=710  2\$aAssociation for the Study of Nationalities.
=776  0\$tNationalities papers$x0090-5992
=859  \\$aELD$bejournal
=856  40$ahttp://www.tandf.co.uk/journals/titles/00905992.asp
=852  41$aBritish Library$bHMNTS$jELD Digital store$3Volume 42:Issue 1(2014)-
=852  41$aBritish Library$bDSC$j6033.449000$3Volume 34:Issue 1(2006)-Volume 39:Issue 6(2011)***See ESTAR for full holdings.
=945  \\$aNationalities papers
=959  \\$fHeld but not currently received
=985  \\$aISSN responsibility transferred from ISSN UK Centre to U.S. ISSN Center Taylor & Francis, Multinational Publisher List, Summer 2016
=985  \\$aISSN responsibility transferred from U.S. to UK (15/09/20)
=CAT  \\$a6537$b40$c20051211$lBLL01$h0835
=CAT  \\$aW1607-0553$c20160818$lBLL01$h0915
=CAT  \\$aBATCH-UPD$b00$c20161122$lBLL01$h1443
=CAT  \\$aIPL-CLA$c20161230$lBLL01$h2149
=CAT  \\$aBATCH-UPD$b00$c20171121$lBLL01$h1623
=CAT  \\$aW1711-1005$c20171206$lBLL01$h1818
=CAT  \\$aIPL-CLA$c20171231$lBLL01$h1649
=CAT  \\$a5552$b40$c20181128$lBLL01$h1431
=CAT  \\$aBATCH-UPD$b40$c20181204$lBLL01$h2319
=CAT  \\$aIPL-CLA$c20181231$lBLL01$h1543
=CAT  \\$aBATCH-UPD$b00$c20190101$lBLL01$h2259
=CAT  \\$aW1902-1304$c20190314$lBLL01$h1239
=CAT  \\$aBATCH-UPD$b00$c20190314$lBLL01$h1618
=CAT  \\$aIPL-CLA$c20190331$lBLL01$h1726
=CAT  \\$aDEL-3PM$c20190409$lBLL01$h0905
=CAT  \\$a10983$b40$c20190409$lBLL01$h1306
=CAT  \\$aBATCH-CLA$b00$c20191219$lBLL01$h1735
=CAT  \\$aIPL-CLA$c20191231$lBLL01$h1937
=CAT  \\$aR2001-1524$c20200127$lBLL01$h2015
=CAT  \\$a11315$b40$c20200910$lBLL01$h1500
=CAT  \\$a10806$b40$c20200914$lBLL01$h0849
=CAT  \\$a12654$b40$c20200915$lBLL01$h1338
=CAT  \\$a10806$b40$c20200915$lBLL01$h1454
=CAT  \\$a8483$b40$c20200921$lBLL01$h1451
=CAT  \\$aBATCH-FIX$c20230511$lBLL01$h1629
=CAT  \\$a12654$b40$c20230516$lBLL01$h0952
=CFI  0\$aCurrent Copyright Fee: GBP22.50$c0$e16-may-2023$fGBP22.50$g0$hC$5Uk
=CFI  2\$aPrevious Copyright Fee: GBP10.00$c0$e15-sep-2020$fGBP10.00$g0$hC$5Uk
=CFI  2\$aPrevious Copyright Fee: GBP20.00$c0$e01-jan-2020$fGBP20.00$g0$hA$5Uk
=EST  \\$a1
=FIN  \\$aY$d20051211
=LET  \0$aNationalities papers (Electronic)
=MNI  \\$a0090-5992
=SID  \\$aZ39$bRLG
=TCO  \\$aCLA$bCLA$c008
=TOC  \\$aETOC
=ACF  \\$aPrevious Copyright Fee: GBP17.50$c0$e01-apr-2019$fGBP17.50$g0$hA$5Uk
=ACF  \\$aPrevious copyright fee: GBP17.00$c1\0$e01-jan-2010$fGBP17.00$g0$hP$5Uk
=ACF  \\$aPrevious copyright fee: GBP16.00$c1\0$e01-jan-2009$fGBP16.00$g0$hP$5Uk
=ACF  \\$aPrevious copyright fee: GBP15.00$c1\0$e01-apr-2008$fGBP15.00$g0$hP$5Uk
=ACF  \\$aPrevious copyright fee: GBP16.00$c1\0$e01-jan-2007$fGBP16.00$g0$hP$5Uk
=ACF  \\$aPrevious Copyright Fee: GBP13.00$c1\0$e01-jan-2006$fGBP13.00$g0$hP$5Uk
=ACF  \\$aPrevious copyright fee: GBP21.00$c1\0$e01-jan-2011$fGBP21.00$g0$hP$5Uk
=ACF  \\$aPrevious copyright fee: GBP23.00$c1\0$e01-jan-2012$fGBP23.00$g0$hP$5Uk
=ACF  \\$aPrevious copyright fee: GBP23.50$c1\0$e01-jan-2013$fGBP23.50$g0$hP$5Uk
=ACF  \\$aPrevious copyright fee: GBP24.00$c1\0$e01-jan-2014$fGBP24.00$g0$hP$5Uk
=ACF  \\$aPrevious copyright fee: GBP25.00$c1\0$e01-jan-2015$fGBP25.00$g0$hP$5Uk
=ACF  \\$aPrevious copyright fee: GBP26.00$c1\0$e01-jan-2016$fGBP26.00$g0$hP$5Uk
=ACF  \\$aPrevious copyright fee: GBP28.00$c1\0$e01-jan-2017$fGBP28.00$g0$hP$5Uk
=ACF  \\$aPrevious copyright fee: GBP30.00$c1\0$e01-jan-2018$fGBP30.00$g0$hP$5Uk
=ACF  \\$aPrevious Copyright Fee: GBP25.00$c43\0$e01-jan-2019$fGBP25.00$g0$hP$5Uk
=LAS  \\$a12654$b40$c20230516$lBLL01$h0952

