=LDR  03504cas a2200889 a 4500
=001  016065053
=003  Uk
=005  20230511163037.0
=006  m\\\\\\\\d\\\\\\\\
=007  cr\|n|||||||||
=008  760812c19669999dcuwr\pss\\\\\0\\\a0eng\d
=FMT  \\$a  SE
=010  \\$a2007265282
=015  \\$aGBB430893$2bnb
=022  0\$a1943-0930$y0036-8423
=035  \\$a(OCoLC)740977522
=037  \\$aISSN_00368423$bPortico$nWiley
=040  \\$aCSU$beng$cCSU$dOCLCQ$dUk
=042  \\$aukblsr
=050  14$aQ1
=082  10$a505$223
=130  0\$aScience news (Washington, D.C. : Online)
=210  0\$aSci. news$b(Washington : Online)
=222  \0$aScience news$b(Online)
=245  10$aScience news$h[electronic resource].
=260  \\$aWashington, D.C. :$bScience Service
=260  3\$a[S.l.] :$bWiley
=310  \\$aWeekly
=336  \\$atext$2rdacontent
=337  \\$acomputer$2rdamedia
=338  \\$aonline resource$2rdacarrier
=362  1\$aBegan with: Vol. 89, no. 11 (Mar. 12, 1966).
=538  \\$aMode of access: World Wide Web.
=588  \\$aDescription based on first issue; title from cover (JSTOR, viewed Oct. 31, 2007).
=588  \\$aLatest issue consulted: Vol. 181, issue 8 (Apr. 21, 2012) (Wiley Online Library, viewed Apr. 24, 2012).
=650  \0$aScience$vPeriodicals.
=710  2\$aScience Service.
=776  08$iAlso issued in print:$tScience news (Washington, D.C.)$x0036-8423
=780  00$tScience news-letter
=859  \\$aELD$bejournal
=856  4\$ahttp://onlinelibrary.wiley.com/journal/10.1002/(ISSN)1943-0930
=852  41$aBritish Library$bDSC$j8150.010000$3Volume 161:Issue 10(2002)-Volume 186:Issue 13(2014)***See ESTAR for full holdings.
=852  41$aBritish Library$bSTI$jELD Digital store$3Volume 183:Issue 1(2013)-Volume 188:Issue 8(2015)***Previous issues available in print copy
=945  \\$aScience news -Washington-
=959  \\$fHeld but not currently received
=985  \\$aCONFERENCE ANALYTIC RECORDS EXIST
=CAT  \\$a8464$b40$c20120410$lBLL01$h0839
=CAT  \\$a8464$b40$c20120410$lBLL01$h0840
=CAT  \\$a5997$b40$c20120424$lBLL01$h0931
=CAT  \\$a5997$b40$c20120424$lBLL01$h0945
=CAT  \\$a5997$b40$c20120424$lBLL01$h1001
=CAT  \\$aBATCH-CLA$b00$c20130526$lBLL01$h1643
=CAT  \\$a8323$b40$c20140313$lBLL01$h1137
=CAT  \\$a8411$b40$c20140327$lBLL01$h1036
=CAT  \\$a10934$b40$c20140528$lBLL01$h0838
=CAT  \\$aBLDSS-3PM$b00$c20141214$lBLL01$h1527
=CAT  \\$aBATCH-UPD$b00$c20150215$lBLL01$h1705
=CAT  \\$aIPL-CLA$c20150228$lBLL01$h2057
=CAT  \\$aCDS15-UPD$b40$c20150918$lBLL01$h1640
=CAT  \\$a5552$b40$c20160224$lBLL01$h1328
=CAT  \\$aDEL-3PM$c20160302$lBLL01$h1706
=CAT  \\$aBATCH-CLA$b00$c20161222$lBLL01$h1834
=CAT  \\$aIPL-CLA$c20161231$lBLL01$h0002
=CAT  \\$aW1711-1005$c20171206$lBLL01$h1824
=CAT  \\$a5552$b40$c20171207$lBLL01$h1215
=CAT  \\$aBATCH-FIX$c20230511$lBLL01$h1630
=CFI  2\$aPrevious Copyright Fee: GBP15.00$c0$e01-jan-2017$fGBP15.00$g0$hA$5Uk
=EST  \\$a1
=FIN  \\$aY$d20120424
=MNI  \\$a0036-8423
=SID  \\$aZ39$bOCLC
=TCO  \\$aTRS$bCCC$c008
=TOC  \\$aETOC
=ACF  \\$aPrevious copyright fee: GBP12.30$c0$e24-feb-2016$fGBP12.30$g0$hA$5Uk
=ACF  \\$aPrevious copyright fee: GBP24.00$c35\0$e01-mar-2015$fGBP24.00$g0$hP$5Uk
=ACF  \\$aPrevious copyright fee: GBP22.00$c35\0$e10-apr-2012$fGBP22.00$g0$hP$5Uk
=LAS  \\$aBATCH-FIX$b00$c20230511$lBLL01$h1630

