=LDR  05486cas a2201213 a 4500
=001  012432929
=003  Uk
=005  20221231144430.0
=006  m\\\\\o\\d\\\\\\\\
=007  cr\mnu||||||||
=008  040410c19919999enkmr\p\o\\\\\0\\\a0eng\\
=FMT  \\$a  SE
=019  c\$a102444480
=022  \\$a1778-3585$202
=037  \\$aISSN_09249338_30$bPortico$nCambridge University Press
=040  \\$aUk$cUk$dUk
=042  \\$aukblsr$aissnuk
=082  04$a616.89$222
=130  0\$aEuropean psychiatry (Online)
=210  0\$aEur. psychiatr.$b(Online)
=222  \0$aEuropean psychiatry$b(Online)
=245  10$aEuropean psychiatry$h[electronic resource].
=260  \\$3<1991-> :$a[New York, NY] :$bElsevier Science Pub. Co.
=260  2\$3<1998-> :$a[Paris] :$bElsevier
=264  31$aCambridge :$bCambridge University Press
=310  \\$aEight no. a year,$b<1995->
=321  \\$aSix issues, a year,$b1991-
=336  \\$atext$2rdacontent
=337  \\$acomputer$2rdamedia
=338  \\$aonline resource$2rdacarrier
=362  1\$aPrint began with vol. 6/no 1, published in 1991.
=525  \\$aSupplements accompany some issues.
=538  \\$aMode of access: World Wide Web.
=550  \\$aJournal of the Association of European Psychiatrists, (European Psychiatric Association, <2010->).
=588  \\$aLatest issue consulted: volume 63, issue 1 (2020) (Cambridge Core, viewed July 17, 2020).
=595  \\$aFORMERLY 6946.2434 UP TO VOL. 5, 1990.
=540  \\$aBritish Library not licensed to copy$c0$5Uk
=650  \0$aPsychiatry$vPeriodicals.
=650  \0$aMental illness$vPeriodicals.
=655  \0$aElectronic journals.
=710  2\$aAssociation of European Psychiatrists.
=710  2\$aEuropean Psychiatric Association.
=776  08$iPrint version:$tEuropean psychiatry$x0924-9338
=780  00$tPsychiatrie & psychobiologie$x2633-0903
=859  \\$aELD$bejournal
=856  40$uhttps://www.cambridge.org/core/journals/european-psychiatry$xOA-J
=856  40$3ClinicalKey$uhttp://www.clinicalkey.com/dura/browse/journalIssue/09249338
=856  40$3ScienceDirect$uhttp://www.sciencedirect.com/science/journal/09249338
=856  40$uhttp://www.elsevier.com/homepage/elecserv.htt$zAddress for contacting Elsevier regarding subscription information
=852  41$aBritish Library$bDSC$j3829.842700$3Volume 10:Issue 1(1995)-Volume 62(2019)***See ESTAR for full holdings.
=852  41$aBritish Library$bHMNTS$jELD Digital store$3Volume 29:Issue 1(2014)-
=945  \\$aEUROPEAN PSYCHIATRY.
=959  \\$fHeld but not currently received
=985  \\$aCONFERENCE ANALYTIC RECORDS EXIST
=985  \\$aISSN UK Centre: ROAD-OA.
=A02  \\$a102444480
=CAT  \\$aCONV$b00$c20040425$lBLL90$h0712
=CAT  \\$aBATCH-CLA$c20140225$lBLL01$h2319
=CAT  \\$aBLDSS-3PM$b00$c20141222$lBLL01$h1712
=CAT  \\$aBATCH-UPD$b00$c20160601$lBLL01$h1440
=CAT  \\$aBATCH-UPD$b00$c20171121$lBLL01$h1742
=CAT  \\$aIPL-CLA$c20171231$lBLL01$h1623
=CAT  \\$aBATCH-UPD$b00$c20190521$lBLL01$h1434
=CAT  \\$aIPL-CLA$c20190630$lBLL01$h1531
=CAT  \\$a14586$b40$c20190917$lBLL01$h0944
=CAT  \\$a12654$b40$c20200206$lBLL01$h1137
=CAT  \\$a8055$b40$c20200210$lBLL01$h1227
=CAT  \\$aDEL-3PM$c20200220$lBLL01$h1518
=CAT  \\$aBATCH-CLA$b00$c20200325$lBLL01$h1234
=CAT  \\$aIPL-CLA$c20200331$lBLL01$h1612
=CAT  \\$a14586$b40$c20200617$lBLL01$h1113
=CAT  \\$a5552$b40$c20200626$lBLL01$h0801
=CAT  \\$aBLDSS-3PM$b00$c20200703$lBLL01$h1144
=CAT  \\$aBATCH-UPD$b00$c20200703$lBLL01$h1144
=CAT  \\$a5410$b40$c20200706$lBLL01$h1116
=CAT  \\$a5410$b40$c20200706$lBLL01$h1117
=CAT  \\$a10973$b40$c20200717$lBLL01$h0643
=CAT  \\$a10973$b40$c20210519$lBLL01$h1026
=CAT  \\$a5552$b40$c20211111$lBLL01$h1210
=CAT  \\$aDEL-3PM$c20211115$lBLL01$h0922
=CAT  \\$aBATCH-CLA$b00$c20221206$lBLL01$h1635
=CAT  \\$aIPL-CLA$c20221231$lBLL01$h1444
=CFI  0\$aBritish Library not licensed to copy$c0$e01-jan-2023$hC$iCFP Excluded$5Uk
=CFI  2\$aPrevious Copyright Fee: GBP22.50$c0$e11-nov-2021$fGBP22.50$g0$hA$5Uk
=EST  \\$a1
=FIN  \\$aY
=LEO  \\$aMP10.0000630199
=LKR  \\$aPAR$b007859061$lBLL01$r7760$mEuropean psychiatry (Online)$nEuropean psychiatry
=MNI  \\$a0924-9338
=SRC  \\$aDSS01$bbibmp10.200404.2.aa
=TCO  \\$aFRA$bCFC$c008
=ACF  \\$aPrevious copyright fee: GBP19.00$c5\6$e01-jan-2008$fGBP19.00$g0$hP$5Uk
=ACF  \\$aPrevious copyright fee: GBP18.00$c5\6$e01-apr-2004$fGBP18.00$g0$hP$5Uk
=ACF  \\$aCurrent copyright fee: GBP20.00$c5\6$e01-jan-2003$fGBP20.00$g0$hP$5Uk
=ACF  \\$aCurrent copyright fee: GBP15.00$c5\6$e01-jul-2002$fGBP15.00$g0$hP$5Uk
=ACF  \\$aPrevious copyright fee: GBP20.00$c5\1$e01-jan-2009$fGBP20.00$g0$hP$5Uk
=ACF  \\$aPrevious copyright fee: GBP21.00$c5\1$e01-jan-2012$fGBP21.00$g0$hP$5Uk
=ACF  \\$aPrevious copyright fee: GBP22.50$c5\1$e01-jan-2013$fGBP22.50$g0$hP$5Uk
=ACF  \\$aPrevious copyright fee: GBP32.84$c5\1$e01-jul-2019$fGBP32.84$g0$hP$5Uk
=ACF  \\$aPrevious copyright fee: GBP23.40$c5\1$e01-jan-2018$fGBP23.40$g0$hP$5Uk
=ACF  \\$aPrevious Copyright Fee: GBP32.84$c5\1$e26-jun-2020$fGBP32.84$g0$hP$5Uk
=ACF  \\$aPrevious Copyright Fee: GBP10.00$c0$e01-apr-2020$fGBP10.00$g0$hC$5Uk
=ACF  \\$aPrevious copyright fee: GBP20.00$c0$e10-feb-2020$fGBP20.00$g0$hA$5Uk
=LAS  \\$aIPL-CLA$b00$c20221231$lBLL01$h1444

