=LDR  05555cas a2201213 a 4500
=001  012431892
=003  Uk
=005  20221231144423.0
=006  m\\\\\o\\d\\\\\\\\
=007  cr||||||||||||
=008  020514c19899999enkbr\pso\\\\\0\\\a0eng\c
=FMT  \\$a  SE
=010  \\$a  2002262044
=015  \\$aGBB400713$2bnb
=016  7\$a2077830-2$2DE-600
=019  c\$a102442636
=022  0\$a1601-5215$202
=035  \\$a(OCoLC)49789266
=037  \\$bPortico$aBL_09242708$nCambridge University Press
=037  3\$aISSN_09242708_30$bPortico$nCambridge University Press
=040  \\$aICU$beng$cICU$dMCM$dWaU$dDLC$dOCoLC$dViRCU$dMiEM$dGGaB$dOCoLC$dDEBBG$dOCoLC$dOCLCO$dDLC$dUk
=042  \\$aissnuk$aukblsr
=050  00$aRC321
=082  04$a616.89$223
=130  0\$aActa neuropsychiatrica (Online)
=210  0\$aActa neuropsychiatr.$b(Online)
=222  \0$aActa neuropsychiatrica$b(Online)
=245  10$aActa neuropsychiatrica$h[electronic resource].
=260  \\$aOxford :$bBlackwell Publishing
=260  2\$3<2011>-2012:$a[Oxford, England?] :$bWiley-Blackwell
=264  31$a[Cambridge] :$bCambridge University Press
=310  \\$aBimonthly
=336  \\$atext$2rdacontent
=337  \\$acomputer$2rdamedia
=338  \\$aonline resource$2rdacarrier
=362  1\$aPrint began in 1989.
=525  \\$aHas supplements.
=538  \\$aMode of access: World Wide Web.
=550  \\$aOfficial publication of: Interdisciplinary Society of Biological Psychiatry (IGBP), <2002->; Scandinavian College of Neuropsychopharmacology, <2012->.
=588  \\$aDescription based on: Vol. 14, issue 1 (Feb. 2002); title from journal information screen (viewed May 13, 2002).
=588  \\$aLatest issue consulted: volume 25, issue 06 (December 2013) (Cambridge Journals, viewed January 3, 2014).
=540  \\$aBritish Library not licensed to copy$c0$5Uk
=650  \0$aNeuropsychiatry$vPeriodicals.
=710  2\$aInterdisciplinary Society of Biological Psychiatry.
=710  2\$aScandinavian College of Neuropsychopharmacology.
=776  08$iAlso issued in print, 1989-2010, as:$tActa neuropsychiatrica$x0924-2708
=859  \\$aELD$bejournal
=856  4\$uhttp://firstsearch.oclc.org$zAddress for accessing the journal using authorization number and password through OCLC FirstSearch Electronic Collections Online
=856  40$3Issues -2012:$uhttp://onlinelibrary.wiley.com/journal/10.1111/(ISSN)1601-5215
=856  40$uhttp://journals.cambridge.org/action/displayJournal?jid=NEU
=856  40$uhttp://www.blackwellpublishing.com/journal.asp?ref=0924-2708&site=1
=852  41$aBritish Library$bHMNTS$jELD Digital store$3Volume 25:Issue 4(2013:Aug.)-***Previous issues available in print copy
=852  41$aBritish Library$bDSC$j0639.970000$3Volume 15:Issue 3(2003)-Volume 24:Issue 6(2012)***See ESTAR for full holdings.
=945  \\$aActa neuropsychiatrica
=959  \\$fHeld but not currently received
=979  \\$aBritish Library$bDSC$j0639.970000
=985  \\$aResponsibility for ISSN taken by ISSN UK from ISSN Denmark, 09.06.07.
=985  \\$aCorrected by BSS-generated file for WR# 08/157
=A02  \\$a102442636
=CAT  \\$aCONV$b00$c20040425$lBLL90$h0712
=CAT  \\$aBATCH-CLA$b00$c20121109$lBLL01$h1734
=CAT  \\$aWR12_168$c20121206$lBLL01$h1814
=CAT  \\$a12654$b40$c20130308$lBLL01$h1107
=CAT  \\$a11433$b40$c20131220$lBLL01$h1111
=CAT  \\$a11316$b40$c20140102$lBLL01$h1519
=CAT  \\$a11316$b40$c20140103$lBLL01$h0848
=CAT  \\$aBATCH-CLA$b00$c20140125$lBLL01$h1300
=CAT  \\$a14112$b40$c20140211$lBLL01$h1606
=CAT  \\$aBATCH-CLA$c20140225$lBLL01$h2318
=CAT  \\$aWR14_097$c20140704$lBLL01$h1703
=CAT  \\$a11317$b40$c20140807$lBLL01$h1034
=CAT  \\$aBLDSS-3PM$b00$c20141208$lBLL01$h1624
=CAT  \\$aBATCH-UPD$b00$c20160520$lBLL01$h0900
=CAT  \\$aBATCH-UPD$b00$c20160524$lBLL01$h2237
=CAT  \\$aW1711-1005$c20171206$lBLL01$h1815
=CAT  \\$a11033$b40$c20180222$lBLL01$h1548
=CAT  \\$aW1902-1304$c20190314$lBLL01$h1239
=CAT  \\$aBATCH-UPD$b00$c20190314$lBLL01$h1617
=CAT  \\$aIPL-CLA$c20190331$lBLL01$h1725
=CAT  \\$aDEL-3PM$c20190409$lBLL01$h0905
=CAT  \\$aBATCH-CLA$b00$c20190621$lBLL01$h1539
=CAT  \\$aIPL-CLA$c20190630$lBLL01$h1531
=CAT  \\$a5410$b40$c20221112$lBLL01$h1652
=CAT  \\$aBATCH-CLA$b00$c20221206$lBLL01$h1649
=CAT  \\$aIPL-CLA$c20221231$lBLL01$h1444
=CFI  0\$aBritish Library not licensed to copy$c0$e01-jan-2023$hC$iCFP Excluded$5Uk
=CFI  2\$aPrevious Copyright Fee: GBP30.00$c0$e01-jul-2019$fGBP30.00$g0$hC$5Uk
=EST  \\$a1
=FIN  \\$aY
=LEO  \\$aMP10.0000629162
=LET  \0$aActa neuropsychiatrica (Electronic)
=LKR  \\$aPAR$b009185336$lBLL01$r776$mActa neuropsychiatrica (Online)$nActa neuropsychiatrica (Print)
=MNI  \\$a0924-2708
=SRC  \\$aDSS01$bbibmp10.200404.2.aa
=SRC  \\$aBLL02
=TCO  \\$aCLA$bCLA$c008
=TOC  \\$aETOC
=ACF  \\$aCurrent copyright fee: GBP13.00$c10\0$e01-apr-2003$fGBP13.00$g0$hP$5Uk
=ACF  \\$aCurrent copyright fee: GBP13.00$c10\5$e01-apr-2002$fGBP13.00$g0$hP$5Uk
=ACF  \\$aCurrent copyright fee: GBP22.00$c10\0$e01-jan-2006$fGBP22.00$g0$hP$5Uk
=ACF  \\$aPrevious copyright fee: GBP15.00$c10\0$e01-apr-2004$fGBP15.00$g0$hP$5Uk
=ACF  \\$aPrevious copyright fee: GBP30.00$c43\0$e27-aug-2013$fGBP30.00$g0$hP$5Uk
=ACF  \\$aPrevious Copyright Fee: GBP17.50$c0$e01-apr-2019$fGBP17.50$g0$hA$5Uk
=LAS  \\$aIPL-CLA$b00$c20221231$lBLL01$h1444

