=LDR  05695cas a2201285 a 4500
=001  012432130
=003  Uk
=005  20221231144425.0
=006  m\\\\\\\\d\\\\\\\\
=007  cr\unu||||||||
=008  020510c20029999enk\x\p\o\\\\\0\\\a0eng\c
=FMT  \\$a  SE
=010  \\$a2002242084
=015  \\$aGBB5F3979$2bnb
=016  7\$a101130840$2DNLM
=019  c\$a102599257
=022  \\$a1447-056X
=035  \\$a(OCoLC)49766727
=037  \\$a???$bBioMed Central
=040  \\$aAZN$beng$cAZN$dCGU$dOCL$dMYG$dWAU$dNLM$dOCL$dOCLCQ$dWAU$dOCLCQ$dCUS$dNLM$dOCLCQ$dUk
=042  \\$aukblsr
=050  14$aR11
=060  10$aW1
=082  04$a610.95$222
=130  0\$aAsia Pacific family medicine (Online)
=210  10$aAsia Pac. fam. med.
=222  \0$aAsia Pacific family medicine$b(Online)
=245  10$aAsia Pacific family medicine$h[electronic resource].
=260  \\$a[Oxford, UK] :$bBlackwell Pub.,$c[2002]-
=260  2\$a[Singapore] :$bWONCA Asia Pacific
=260  3\$aLondon :$bBioMed Central
=321  \\$aQuarterly,$b2002-2003
=336  \\$atext$2rdacontent
=337  \\$acomputer$2rdamedia
=338  \\$aonline resource$2rdacarrier
=362  0\$aVol. 1, issue 1 (Mar. 2002)-
=500  \\$aImprint varies.
=500  \\$aArticles added to annual volumes on BioMed Central on an individual basis as accepted.
=515  \\$aVol. 1 has 3 issues, with issues 2-3 combined.
=515  \\$aNo issues published 2004-2007?
=550  \\$aOfficial journal of the World Organization of Family Doctors (Wonca).
=500  \\$aTitle from table of contents screen (publisher's Website, viewed Dec. 18, 2003).
=588  \\$aLatest issue consulted: 14:8 (7 October 2015) (viewed October 26, 2015).
=540  \\$aCurrent Copyright Fee: GBP25.00$c0$5Uk
=650  \0$aFamily medicine$zAsia$vPeriodicals.
=650  \0$aFamily medicine$zPacific area$vPeriodicals.
=710  2\$aWorld Organization of National Colleges, Academies, and Academic Associations of General Practitioners/Family Physicians.
=710  2\$aBioMed Central Ltd.
=776  08$iPrint version, 2002-2003:$tAsia Pacific family medicine$x1444-1683
=859  \\$aELD$bejournal
=856  4\$uhttp://firstsearch.oclc.org/journal$zLink no Address for accessing the journal from an authorized IP address through OCLC FirstSearch Electronic Collections Online
=856  40$uhttp://www.apfmj.com/
=856  40$32002-2003$uhttp://www.blackwell-synergy.com/servlet/useragent?func=showIssues&code=afm
=852  41$aBritish Library$bDSC$j1742.260375$3Volume 2:Number 1(2003)-Volume 2:Number 4(2003)***See ESTAR for full holdings.
=852  41$aBritish Library$bHMNTS$jELD Digital store$3Volume 14:Issue 1(2015)-Volume 17:Issue 1(2018)
=945  \\$aAsia Pacific family medicine
=959  \\$fHeld but not currently received
=985  \\$aLegal Deposit ejournals
=985  \\$aCorrected by BSS-generated file for WR# 08/157
=A02  \\$a102599257
=CAT  \\$aCONV$b00$c20040425$lBLL90$h0712
=CAT  \\$aBLDSS-3PM$b00$c20141214$lBLL01$h1521
=CAT  \\$aBATCH-UPD$b00$c20150215$lBLL01$h1623
=CAT  \\$aIPL-CLA$c20150228$lBLL01$h2046
=CAT  \\$a8411$b40$c20151014$lBLL01$h1617
=CAT  \\$a8323$b40$c20151026$lBLL01$h1408
=CAT  \\$a8323$b40$c20151026$lBLL01$h1418
=CAT  \\$aBATCH-UPD$b40$c20160604$lBLL01$h2254
=CAT  \\$aW1703-0316$c20170306$lBLL01$h1823
=CAT  \\$aW1703-0316$c20170307$lBLL01$h1647
=CAT  \\$aIPL-CLA$c20170307$lBLL01$h1823
=CAT  \\$aW1711-1005$c20171206$lBLL01$h1815
=CAT  \\$aBATCH-UPD$b00$c20180219$lBLL01$h1744
=CAT  \\$aBATCH-UPD$b00$c20181121$lBLL01$h1620
=CAT  \\$aIPL-CLA$c20181231$lBLL01$h1539
=CAT  \\$a5552$b40$c20190128$lBLL01$h0958
=CAT  \\$aBATCH-UPD$b40$c20190129$lBLL01$h2353
=CAT  \\$a12654$b40$c20190417$lBLL01$h1538
=CAT  \\$aDEL-3PM$c20190424$lBLL01$h1558
=CAT  \\$aBATCH-CLA$b00$c20191219$lBLL01$h1729
=CAT  \\$aIPL-CLA$c20191231$lBLL01$h1922
=CAT  \\$aR2001-1524$c20200127$lBLL01$h2001
=CAT  \\$aBATCH-CLA$b00$c20201204$lBLL01$h1529
=CAT  \\$aIPL-CLA$c20201231$lBLL01$h1528
=CAT  \\$aBATCH-CLA$b00$c20221221$lBLL01$h1836
=CAT  \\$aIPL-CLA$c20221231$lBLL01$h1444
=CFI  0\$aCurrent Copyright Fee: GBP25.00$c0$e01-jan-2023$fGBP25.00$g0$hA$5Uk
=CFI  2\$aPrevious Copyright Fee: GBP22.50$c0$e01-jan-2021$fGBP22.50$g0$hA$5Uk
=EST  \\$a1
=FIN  \\$aY
=LEO  \\$aMP10.0000629400
=LKR  \\$aPAR$b010468224$lBLL01$nAsia Pacific family medicine (Print)$mAsia Pacific family medicine (Online)$r776
=MNI  \\$a1444-1683
=SID  \\$aZ39$bOCLC
=SRC  \\$aDSS01$bbibmp10.200404.2.aa
=TCO  \\$aCLA$bCLA$c008
=TCO  \\$aAUS$bCAL$c008
=TOC  \\$aETOC
=UNO  \\$aY
=ACF  \\$aCurrent copyright fee: GBP13.00$c10\0$e01-apr-2003$fGBP13.00$g0$hP$5Uk
=ACF  \\$aCurrent copyright fee: GBP13.00$c10\3$e04-sep-2002$fGBP13.00$g0$hP$5Uk
=ACF  \\$aPrevious copyright fee: GBP15.00$c10\0$e01-apr-2004$fGBP15.00$g0$hP$5Uk
=ACF  \\$aPrevious copyright fee: GBP22.00$c10\0$e01-jan-2006$fGBP22.00$g0$hP$5Uk
=ACF  \\$aPrevious copyright fee: GBP24.00$c10\0$e01-mar-2015$fGBP24.00$g0$hP$5Uk
=ACF  \\$aPrevious copyright fee: zero$c22\1$e28-jan-2019$fGBP0.00$g0$hP$5Uk
=ACF  \\$aPrevious copyright fee: GBP28.00$c35\0$e01-jan-2019$fGBP28.00$g0$hP$5Uk
=ACF  \\$aPrevious copyright fee: GBP24.00$c35\0$e07-mar-2017$fGBP24.00$g0$hP$5Uk
=ACF  \\$aPrevious copyright fee: GBP17.50$c0$e17-apr-2019$fGBP17.50$g0$hA$5Uk
=ACF  \\$aPrevious Copyright Fee: GBP20.00$c0$e01-jan-2020$fGBP20.00$g0$hA$5Uk
=LAS  \\$aIPL-CLA$b00$c20221231$lBLL01$h1444

