=LDR  06518cas a2201357 a 4500
=001  012434773
=003  Uk
=005  20221231144445.0
=006  m\\\\\o\\d\\\\\\\\
=007  cr\unu||||||||
=008  020730c19899999nyuqr\p\o\\\\\0\\\a0eng\c
=FMT  \\$a  SE
=010  \\$a2008233804
=015  \\$aGBB411406$2bnb
=019  c\$a102432806
=022  \\$a1476-4989$202
=035  \\$a(OCoLC)50265807$z(OCoLC)220872673
=037  3\$aISSN_10471987_30$bPortico$nCambridge University Press
=037  2\$aISSN_10471987$bPortico$nOxford University Press
=037  \\$apolana$bOxford University Press
=040  \\$aFXG$beng$cFXG$dOCLCQ$dOCL$dGUA$dAU@$dEEM$dOCLCQ$dGUA$dEYM$dHLS$dOCLCQ$dOCLCO$dOCLCQ$dUk
=042  \\$aissnuk$aukblsr
=050  14$aJA73
=082  04$a320.011$223
=130  0\$aPolitical analysis (Online)
=210  10$aPolit. anal.$b(Online)
=222  \0$aPolitical analysis$b(Online)
=245  10$aPolitical analysis$h[electronic resource].
=260  \\$aOxford :$bOxford University Press
=264  31$aNew York, NY :$bCambridge University Press
=310  \\$aQuarterly,$b2002-
=321  \\$aFrequency varies,$b1989-2002
=336  \\$atext$2rdacontent
=337  \\$acomputer$2rdamedia
=338  \\$aonline resource$2rdacarrier
=362  1\$aBegan with: V. 1, no. 1 (winter 1989).
=595  \\$aSEE ALSO CARD INDEX.
=550  \\$aPublished on behalf of The Society for Political Methodology and the Political Methodology Section of the American Political Science Association.
=515  \\$aNone published, 1994-1995, 1997.
=538  \\$aMode of access: World Wide Web.
=588  \\$aDescription based on: Vol. 1, no. 1 (winter 1989); title from pdf of article (Oxford Journals, viewed Apr. 21, 2010).
=588  \\$aLatest issue consulted: volume 25, number 1 (January 2017) (Cambridge Core, viewed April 26, 2017).
=580  \\$aOriginal print version of this title was preceded by an earlier title: Political methodology.
=540  \\$aBritish Library not licensed to copy$c0$5Uk
=650  \0$aPolitical science$xMethodology$vPeriodicals.
=655  \0$aElectronic journals.
=710  2\$aSociety for Political Methodology.
=710  2\$aAmerican Political Science Association.$bMethodology Section.
=776  08$iPrint version:$tPolitical analysis$x1047-1987
=859  \\$aELD$bejournal
=856  4\$uhttp://firstsearch.oclc.org$zAddress for accessing the journal using authorization number and password through OCLC FirstSearch Electronic Collections Online
=856  4\$uhttp://firstsearch.oclc.org/journal=1047-1987;screen=info;ECOIP$zAddress for accessing the journal from an authorized IP address through OCLC FirstSearch Electronic Collections Online
=856  4\$uhttp://pan.oupjournals.org/
=856  40$3JSTOR$uhttp://www.jstor.org/action/showPublication?journalCode=polianalysis
=856  40$uhttp://pan.oupjournals.org/$zFull text via Oxford Journals Online:
=852  41$aBritish Library$bHMNTS$jELD Digital store$3Volume 22:Number 1(2014:Spring)-***Previous issues available in print copy
=852  41$aBritish Library$bDSC$j6543.870020$32002 VOL 10 NUMB 1-Volume 19:Issue 4(2011)***See ESTAR for full holdings.
=945  \\$aPOLITICAL ANALYSIS -ANN ARBOR THEN OXFORD-.
=959  \\$fHeld but not currently received
=963  \\$aVOL. 1, 1989- *A=1$bN$cP206.C.241
=985  \\$aCorrected by BSS-generated file for WR# 08/157
=985  \\$aCorrected by MS generated file for WR# 12.018
=A02  \\$a102432806
=CAT  \\$aCONV$b00$c20040425$lBLL90$h0713
=CAT  \\$aIPL-CLA$c20141231$lBLL01$h1650
=CAT  \\$aBATCH-UPD$b00$c20151119$lBLL01$h1551
=CAT  \\$aIPL-CLA$c20151231$lBLL01$h1919
=CAT  \\$aBATCH-UPD$b00$c20160524$lBLL01$h2209
=CAT  \\$aBATCH-UPD$b00$c20160525$lBLL01$h0014
=CAT  \\$a5552$b40$c20161103$lBLL01$h0933
=CAT  \\$a5552$b40$c20161128$lBLL01$h1339
=CAT  \\$aIPL-CLA$c20161230$lBLL01$h2114
=CAT  \\$a8311$b40$c20170107$lBLL01$h1016
=CAT  \\$a5552$b40$c20170124$lBLL01$h1120
=CAT  \\$a10983$b40$c20170215$lBLL01$h1600
=CAT  \\$a5552$b40$c20170220$lBLL01$h0831
=CAT  \\$a10806$b40$c20170426$lBLL01$h1342
=CAT  \\$aW1711-1005$c20171206$lBLL01$h1816
=CAT  \\$aW1902-1304$c20190314$lBLL01$h1239
=CAT  \\$aBATCH-UPD$b00$c20190314$lBLL01$h1617
=CAT  \\$aIPL-CLA$c20190331$lBLL01$h1725
=CAT  \\$aDEL-3PM$c20190409$lBLL01$h0905
=CAT  \\$aBATCH-CLA$b00$c20190621$lBLL01$h1540
=CAT  \\$aIPL-CLA$c20190630$lBLL01$h1532
=CAT  \\$a15005$b40$c20191015$lBLL01$h1357
=CAT  \\$aBATCH-CLA$b00$c20210328$lBLL01$h1318
=CAT  \\$aIPL-CLA$c20210331$lBLL01$h1659
=CAT  \\$aBATCH-CLA$b00$c20221206$lBLL01$h1730
=CAT  \\$aIPL-CLA$c20221231$lBLL01$h1444
=CFI  0\$aBritish Library not licensed to copy$c0$e01-jan-2023$hC$iCFP Excluded$5Uk
=CFI  2\$aPrevious Copyright Fee: GBP22.50$c0$e01-apr-2021$fGBP22.50$g0$hC$5Uk
=EST  \\$a1
=FIN  \\$aY
=LEO  \\$aMP10.0000632043
=LET  \0$aPolitical analysis (Online)
=LKR  \\$aPAR$b010636564$lBLL01$nPolitical analysis (Print)$mPolitical analysis (Online)$r776
=MNI  \\$a1047-1987
=SID  \\$aZ39$bOCLC
=SRC  \\$aDSS01$bbibmp10.200404.2.aa
=TCO  \\$aCLA$bCLA$c008
=TCO  \\$aTRS$bCCC$c008
=TOC  \\$aETOC
=ACF  \\$aPrevious copyright fee: GBP9.00$c29\0$e01-jan-2004$fGBP9.00$g0$hP$5Uk
=ACF  \\$aCurrent copyright fee: GBP6.00$c29\0$e21-jan-2003$fGBP6.00$g0$hP$5Uk
=ACF  \\$aCurrent copyright fee: GBP5.00$c29\0$e23-may-2002$fGBP5.00$g0$hP$5Uk
=ACF  \\$aPrevious copyright fee: GBP10.00$c29\0$e01-jan-2006$fGBP10.00$g0$hP$5Uk
=ACF  \\$aPrevious copyright fee: GBP18.00$c29\0$e01-jan-2008$fGBP18.00$g0$hP$5Uk
=ACF  \\$aPrevious copyright fee: GBP20.00$c29\0$e01-jan-2013$fGBP20.00$g0$hP$5Uk
=ACF  \\$aPrevious copyright fee: GBP23.00$c29\0$e01-jan-2015$fGBP23.00$g0$hP$5Uk
=ACF  \\$aPrevious copyright fee: GBP26.00$c29\0$e24-jan-2017$fGBP26.00$g0$hP$5Uk
=ACF  \\$aPrevious copyright fee: GBP25.00$c43\0$e01-jan-2017$fGBP25.00$g0$hP$5Uk
=ACF  \\$aPrevious copyright fee: GBP24.00$c29\0$e01-jan-2016$fGBP24.00$g0$hP$5Uk
=ACF  \\$aPrevious copyright fee: GBP25.00$c43\0$e20-feb-2017$fGBP25.00$g0$hP$5Uk
=ACF  \\$aPrevious Copyright Fee: GBP17.50$c0$e01-apr-2019$fGBP17.50$g0$hA$5Uk
=ACF  \\$aPrevious Copyright Fee: GBP10.00$c0$e01-jul-2019$fGBP10.00$g0$hC$5Uk
=LAS  \\$aIPL-CLA$b00$c20221231$lBLL01$h1444

