=LDR  05738cas a2201189 a 4500
=001  013095847
=003  Uk
=005  20230316120113.0
=006  m\\\\\o\\d\\\\\\\\
=007  cr\cnu||||||||
=008  000217c19889999sz\mr\pso\\\\\0\\\a0eng\c
=FMT  \\$a  SE
=010  \\$a  2007242088
=015  \\$aGBB350892$2bnb
=022  \\$a1432-2277$l0934-0874$y0934-0874
=035  \\$a(OCoLC)43473863
=037  \\$aISSN_09340874$bPortico$nWiley
=040  \\$aViBlbV$cViBlbV$dOCoLC$dCaQMU$dOCoLC$dMCM$dOCoLC$dCLU$dUk
=042  \\$aukblsr
=050  14$aRD120.7$b.T65
=082  04$a617.95405$223
=130  0\$aTransplant international (Online)
=210  0\$aTranspl. int.$b(Internet)
=222  \0$aTransplant international$b(Internet)
=245  10$aTransplant international$h[electronic resource] :$bofficial journal of the European Society for Organ Transplantation.
=260  \\$aBerlin :$bSpringer,$c[1988]-
=260  2\$3Nov. 2004-Jan. 2007$a[Oxford] :$bBlackwell
=260  2\$3Feb. 2007-Dec. 2021$a[Chichester] :$bWiley
=264  31$32022-$aLausanne :$bFrontiers Publishing Partnerships
=310  \\$aMonthly,$b2002-
=321  \\$aBimonthly,$b1993-2001
=321  \\$aQuarterly,$b1988-1992
=336  \\$atext$2rdacontent
=337  \\$acomputer$2rdamedia
=338  \\$aonline resource$2rdacarrier
=362  1\$aPrint began with vol. 1, no. 1 (Apr. 1988).
=550  \\$aIssued by: European Society for Organ Transplantation and the European Liver and Intestine Transplant Association, <July 2006>-, and the German Transplantation Society, <2010- >.
=588  \\$aDescription based on: Vol. 14, no. 1 (Jan. 2001); title from title screen (Blackwell-Synergy, viewed Feb. 28, 2007).
=588  \\$aLatest issue consulted: volume 36, issue 1 (January 2023) (Frontiers Publishing Partnerships website, viewed March 16, 2023).
=540  \\$aCurrent Copyright Fee: GBP25.00$c0$5Uk
=650  \0$aTransplantation of organs, tissues, etc.$vPeriodicals.
=710  2\$aEuropean Society for Organ Transplantation.
=710  2\$aEuropean Liver and Intestine Transplant Association.
=710  2\$aDeutsche Transplantationsgesellschaft.
=776  08$iAlso issued in print as:$tTransplant international$x0934-0874
=859  \\$aELD$bejournal
=856  4\$3Apr. 1988-Oct. 2004, Jan. 2005, May 2005$uhttp://www.springerlink.com/content/0934-0874
=856  40$uhttp://firstsearch.oclc.org$zAddress for accessing the journal using authorization number and password through OCLC FirstSearch Electronic Collections Online
=856  40$uhttp://onlinelibrary.wiley.com/journal/10.1111/(ISSN)1432-2277/issues
=856  40$uhttps://www.frontierspartnerships.org/journals/transplant-international
=852  41$aBritish Library$bSTI$jELD Digital store$3Volume 26:Number 1(2013:Jan.)-Volume 34:Number 12(2021)***Previous issues available in print copy
=852  41$aBritish Library$bDSC$j9024.989000$3Volume 10:Issue 2(1997)-Volume 27:Issue 12(2014)***See ESTAR for full holdings.
=945  \\$aTransplant international
=959  \\$fHeld but not currently received
=985  \\$aISSN responsibility taken by ISSN UK from ISSN Germany, June 4 2014.
=985  \\$aISSN responsibility transferred to U.S. ISSN Center from ISSN UK Centre, Wiley, Multinational Publisher List, Summer 2017.
=985  \\$aISSN responsibility transferred to Switzerland ISSN Center, March 2022.
=985  \\$aCONFERENCE ANALYTIC RECORDS EXIST
=CAT  \\$a8335$b40$c20050128$lBLL01$h1015
=CAT  \\$a11313$b40$c20140604$lBLL01$h0750
=CAT  \\$a11313$b40$c20140604$lBLL01$h0751
=CAT  \\$aBLDSS-3PM$b00$c20141214$lBLL01$h1522
=CAT  \\$aBATCH-UPD$b00$c20150215$lBLL01$h1625
=CAT  \\$aIPL-CLA$c20150228$lBLL01$h2048
=CAT  \\$aCDS15-UPD$b40$c20150918$lBLL01$h1639
=CAT  \\$aBATCH-UPD$b40$c20160525$lBLL01$h0738
=CAT  \\$aW1703-0316$c20170306$lBLL01$h1824
=CAT  \\$aW1703-0316$c20170307$lBLL01$h1647
=CAT  \\$aIPL-CLA$c20170307$lBLL01$h1824
=CAT  \\$a11205$b40$c20170922$lBLL01$h1042
=CAT  \\$aW1711-1005$c20171206$lBLL01$h1817
=CAT  \\$aBATCH-UPD$b00$c20180219$lBLL01$h1746
=CAT  \\$aBATCH-UPD$b00$c20181121$lBLL01$h1621
=CAT  \\$aIPL-CLA$c20181231$lBLL01$h1541
=CAT  \\$aR1911-0245$c20191127$lBLL01$h0944
=CAT  \\$aR1911-0245$c20191127$lBLL01$h1045
=CAT  \\$aIPL-CLA$c20191231$lBLL01$h1931
=CAT  \\$a5410$b40$c20200204$lBLL01$h1600
=CAT  \\$a12654$b40$c20211026$lBLL01$h0935
=CAT  \\$aIPL-CLA$c20211231$lBLL01$h1542
=CAT  \\$a12654$b40$c20220105$lBLL01$h1009
=CAT  \\$aDEL-3PM$c20220105$lBLL01$h1525
=CAT  \\$aBATCH-CLA$b00$c20221221$lBLL01$h1842
=CAT  \\$aIPL-CLA$c20221231$lBLL01$h1446
=CAT  \\$a10969$b40$c20230316$lBLL01$h1201
=CFI  0\$aCurrent Copyright Fee: GBP25.00$c0$e01-jan-2023$fGBP25.00$g0$hA$5Uk
=CFI  2\$aPrevious Copyright Fee: GBP22.50$c0$e01-jan-2022$fGBP22.50$g0$hA$5Uk
=EST  \\$a1
=FIN  \\$aY$d20111214
=LET  \0$aTransplant international (Electronic)
=MNI  \\$a0934-0874
=SRC  \\$aBLL02
=TCO  \\$aCLA$bCLA$c008
=TOC  \\$aETOC
=UNO  \\$aY
=ACF  \\$aPrevious copyright fee: GBP15.00$c10\0$e01-jan-2005$fGBP15.00$g0$hP$5Uk
=ACF  \\$aPrevious copyright fee: GBP22.00$c10\0$e01-jan-2006$fGBP22.00$g0$hP$5Uk
=ACF  \\$aPrevious copyright fee: GBP24.00$c10\0$e01-mar-2015$fGBP24.00$g0$hP$5Uk
=ACF  \\$aPrevious copyright fee: GBP24.00$c35\0$e07-mar-2017$fGBP24.00$g0$hP$5Uk
=ACF  \\$aPrevious copyright fee: GBP28.00$c35\0$e01-jan-2019$fGBP28.00$g0$hP$5Uk
=ACF  \\$aPrevious Copyright Fee: GBP39.00$c35\0$e01-jan-2020$fGBP39.00$g0$hP$5Uk
=LAS  \\$a10969$b40$c20230316$lBLL01$h1201

