=LDR  05075cas a2201117 a 4500
=001  016869969
=003  Uk
=005  20230425082703.0
=006  m\\\\\o\\d\\\\\\\\
=007  cr\|||||||||||
=008  000726c19929999enkbr\pso\\\\\0\\\a0eng\c
=FMT  \\$a  SE
=010  \\$a  2005213146
=015  \\$aGBB5H2534$2bnb
=022  0\$a1557-7848
=035  \\$a(OCoLC)44654046
=037  \\$aISSN_10611428_21$bPortico$nTaylor & Francis
=040  \\$aUV$beng$cUV$dOCoLC$dCaQMU$dOCoLC$dNSDP$dOCoLC$dUk
=042  \\$aukblsr
=043  \\$ae-ur---
=050  14$aAS261
=082  04$a300.947$223
=130  0\$aRussian social science review (Online)
=222  \0$aRussian social science review (Online)
=245  10$aRussian social science review$h[electronic resource] :$ba journal of translations.
=260  \\$aArmonk, NY :$bM.E. Sharpe, Inc.,$cc1992-
=264  31$a[Abingdon] :$bRoutledge
=310  \\$aBimonthly
=336  \\$atext$2rdacontent
=337  \\$acomputer$2rdamedia
=338  \\$aonline resource$2rdacarrier
=362  1\$aPrint began with vol. 33, no. 2 (Mar./Apr. 1992).
=530  \\$aAlso issued in print.
=538  \\$aMode of access: World Wide Web.
=546  \\$aIncludes translations from various Russian language sources.
=588  \\$aDescription based on: Vol. 45, no. 1 (Jan./Feb. 2004); title from caption (Metapress website, viewed Sept. 6, 2005).
=588  \\$aLatest issue consulted: volume 56, issue 6 (2015) (Taylor & Francis Online, viewed December 4, 2015).
=540  \\$aCurrent copyright fee: GBP25.00$c0$5Uk
=650  \0$aSocial sciences$zRussia$vPeriodicals.
=650  \0$aSocial sciences$zRussia$xHistory$vPeriodicals.
=650  \6$aSciences sociales$zRussie$vPériodiques.
=650  \6$aSciences sociales$zRussie$xHistoire$vPériodiques.
=776  1\$tRussian social science review$x1061-1428
=780  00$tSoviet review
=859  \\$aELD$bejournal
=856  4\$uhttp://firstsearch.oclc.org/journal=1061-1428;screen=info;ECOIP$zAddress for accessing the journal from an authorized IP address through OCLC FirstSearch Electronic Collections Online
=856  4\$uhttp://mesharpe.metapress.com/openurl.asp?genre=journal&issn=1061-1428$zLink no longer valid
=856  42$3Publishing information:$uhttp://www.mesharpe.com/mall/results1.asp?ACR=RSS
=856  40$uhttp://www.tandfonline.com/toc/mrss20/current
=852  41$aBritish Library$bHMNTS$jELD Digital store$3Volume 57:Issue 1(2016)-Volume 63:Issue 4/6(2022)
=852  41$aBritish Library$bDSC$j8052.920000$3Volume 56:Issue 1(2015)-Volume 58:Issue 6(2017)
=945  \\$aRussian social science review
=959  \\$fHeld but not currently received
=979  \\$aBritish Library$bDSC$j8052.920000
=CAT  \\$a12654$b40$c20140917$lBLL01$h1216
=CAT  \\$aIPL-CLA$c20141231$lBLL01$h1705
=CAT  \\$aBLDSS-3PM$b00$c20150215$lBLL01$h1114
=CAT  \\$aBATCH-UPD$b00$c20151119$lBLL01$h1546
=CAT  \\$a11316$b40$c20151204$lBLL01$h1142
=CAT  \\$a11433$b40$c20151218$lBLL01$h1358
=CAT  \\$aIPL-CLA$c20151231$lBLL01$h1936
=CAT  \\$a14448$b40$c20160201$lBLL01$h0735
=CAT  \\$aBATCH-UPD$b40$c20160522$lBLL01$h2354
=CAT  \\$aBATCH-UPD$b40$c20161122$lBLL01$h1515
=CAT  \\$aIPL-CLA$c20161231$lBLL01$h0019
=CAT  \\$aBATCH-UPD$b00$c20171121$lBLL01$h1650
=CAT  \\$aW1711-1005$c20171206$lBLL01$h1827
=CAT  \\$aIPL-CLA$c20171231$lBLL01$h1826
=CAT  \\$aBATCH-UPD$b00$c20181217$lBLL01$h1641
=CAT  \\$aIPL-CLA$c20181231$lBLL01$h1554
=CAT  \\$aW1811-111$c20190203$lBLL01$h0956
=CAT  \\$aBATCH-UPD$b00$c20191122$lBLL01$h1903
=CAT  \\$aIPL-CLA$c20191231$lBLL01$h2039
=CAT  \\$aBATCH-UPD$b00$c20201118$lBLL01$h1337
=CAT  \\$aIPL-CLA$c20201231$lBLL01$h1533
=CAT  \\$aBATCH-UPD$b00$c20221121$lBLL01$h1350
=CAT  \\$a8055$b40$c20221222$lBLL01$h1537
=CAT  \\$aIPL-CLA$c20221231$lBLL01$h1452
=CAT  \\$aDEL-3PM$c20230116$lBLL01$h0957
=CAT  \\$a5410$b40$c20230425$lBLL01$h0827
=CFI  0\$aCurrent copyright fee: GBP25.00$c0$e01-jan-2023$fGBP25.00$g0$hA$5Uk
=CFI  2\$aPrevious copyright fee: GBP35.00$c2\0$e01-jan-2021$fGBP35.00$g0$hP$5Uk
=EST  \\$a1
=FIN  \\$aY$d20151204
=LKR  \\$aPAR$b009863448$lBLL01$nRussian social science review (Print)$mRussian social science review (Online)$r776
=MNI  \\$a1061-1428
=SRC  \\$aBLL02
=TOC  \\$aETOC
=ACF  \\$aPrevious copyright fee: GBP18.75$c52\0$e17-sep-2014$fGBP18.75$g0$hP$5Uk
=ACF  \\$aPrevious copyright fee: GBP25.00$c2\0$e01-jan-2015$fGBP25.00$g0$hP$5Uk
=ACF  \\$aPrevious copyright fee: GBP26.00$c2\0$e01-jan-2016$fGBP26.00$g0$hP$5Uk
=ACF  \\$aPrevious copyright fee: GBP28.00$c2\0$e01-jan-2017$fGBP28.00$g0$hP$5Uk
=ACF  \\$aPrevious copyright fee: GBP30.00$c2\0$e01-jan-2018$fGBP30.00$g0$hP$5Uk
=ACF  \\$aPrevious copyright fee: GBP32.00$c2\0$e01-jan-2019$fGBP32.00$g0$hP$5Uk
=ACF  \\$aPrevious copyright fee: GBP34.00$c2\0$e01-jan-2020$fGBP34.00$g0$hP$5Uk
=LAS  \\$a5410$b40$c20230425$lBLL01$h0827

