=LDR  05574cas a2201177 a 4500
=001  014406596
=003  Uk
=005  20221231144856.0
=006  m\\\\\\\\d\|\\\\\\
=007  cr||||||||||||
=008  071120d19872017enkfr\p\s\\\\\0\\\a0eng\\
=FMT  \\$a  SE
=015  \\$aGBA794571$2bnb
=022  0\$a1833-6914$202
=037  \\$aBL_10300112$bPortico$nCambridge University Press
=037  3\$aISSN_10300112$bPortico$nCambridge University Press
=040  \\$aUk$beng$cUk$dUk
=042  \\$aukblsr$aissnuk
=082  04$a371.905$223
=130  0\$aAustralasian journal of special education (Online)
=222  \0$aAustralasian journal of special education$b(Online)
=245  10$aAustralasian journal of special education$h[electronic resource].
=260  \\$aBedford Park, S. Aust :$bAASE
=260  2\$a[Abingdon] :$bRoutledge
=260  2\$aBowen Hills :$bAustralian Academic Press
=260  3\$a[Cambridge] :$bCambridge University Press
=310  \\$aSemiannual
=336  \\$atext$2rdacontent
=337  \\$acomputer$2rdamedia
=338  \\$aonline resource$2rdacarrier
=362  0\$a-volume 41, issue 2 (December 2017).
=362  1\$aPrint began with v. 11 (1987).
=500  \\$aDescription based on print version record.
=538  \\$aMode of access: World Wide Web.
=550  \\$aJournal of the Australian Association for Special Education.
=500  \\$aLatest issue consulted: volume 37, issue 02 (December 2013) (Cambridge Journals, viewed January 6, 2014).
=540  \\$aCurrent Copyright Fee: GBP25.00$c0$5Uk
=650  \0$aExceptional children$vPeriodicals.
=650  \0$aChildren with disabilities$vPeriodicals.
=690  7\$aSocial Welfare$2blcoll
=710  2\$aAustralian Association for Special Education.
=776  08$iAlso issued in print as:$tAustralasian journal of special education$x1030-0112
=785  00$tAustralasian journal of special and inclusive education$x2515-074X
=859  \\$aELD$bejournal
=856  4\$uhttp://www.aase.edu.au/about-us/publications/ajse
=856  4\$uhttp://www.australianacademicpress.com.au/Publications/Journals/ajse/$zLink no longer valid
=856  40$3Issues 1987-2008:$uhttp://www.tandfonline.com/loi/raje20
=856  40$uhttp://journals.cambridge.org/action/displayJournal?jid=JSE
=856  40$uhttps://www.cambridge.org/core/journals/australasian-journal-of-special-education
=852  41$aBritish Library$bDSC$j1795.170000$3Volume 32:Issue 1(2008)-Volume 32:Issue 2(2008)***See ESTAR for full holdings.
=852  41$aBritish Library$bHMNTS$jELD Digital store$3Volume 38:Issue 1(2014)-Volume 41:Issue 2(2017)
=945  \\$aAustralasian journal of special education
=959  \\$fHeld but not currently received
=985  \\$aISSN note: responsibility for ISSN transferred from the Australian ISSN centre to ISSN UK Centre, with permission under multinational publisher agreement. 27.08.15.
=CAT  \\$a3072$b40$c20071120$lBLL01$h1133
=CAT  \\$a11316$b40$c20140106$lBLL01$h0905
=CAT  \\$a14112$b40$c20140211$lBLL01$h1639
=CAT  \\$aWR14_097$c20140704$lBLL01$h1704
=CAT  \\$aWR14_140$c20140905$lBLL01$h1817
=CAT  \\$aBLDSS-3PM$b00$c20141208$lBLL01$h1626
=CAT  \\$a11205$b40$c20150821$lBLL01$h1053
=CAT  \\$a11315$b40$c20150821$lBLL01$h1148
=CAT  \\$a11315$b40$c20150827$lBLL01$h1108
=CAT  \\$a10983$b40$c20160426$lBLL01$h1508
=CAT  \\$a5552$b40$c20160603$lBLL01$h1033
=CAT  \\$aIPL-CLA$c20160630$lBLL01$h1605
=CAT  \\$a10983$b40$c20160711$lBLL01$h1148
=CAT  \\$aW1711-1005$c20171206$lBLL01$h1820
=CAT  \\$a10806$b40$c20181123$lBLL01$h0909
=CAT  \\$aW1902-1304$c20190314$lBLL01$h1240
=CAT  \\$aBATCH-UPD$b00$c20190314$lBLL01$h1618
=CAT  \\$aIPL-CLA$c20190331$lBLL01$h1728
=CAT  \\$aDEL-3PM$c20190409$lBLL01$h0906
=CAT  \\$aBATCH-CLA$b00$c20191219$lBLL01$h1745
=CAT  \\$aIPL-CLA$c20191231$lBLL01$h2000
=CAT  \\$aR2001-1524$c20200127$lBLL01$h2035
=CAT  \\$aBATCH-CLA$b00$c20201204$lBLL01$h1552
=CAT  \\$aIPL-CLA$c20201231$lBLL01$h1530
=CAT  \\$aBATCH-CLA$b00$c20221221$lBLL01$h1904
=CAT  \\$aIPL-CLA$c20221231$lBLL01$h1448
=CFI  0\$aCurrent Copyright Fee: GBP25.00$c0$e01-jan-2023$fGBP25.00$g0$hA$5Uk
=CFI  2\$aPrevious Copyright Fee: GBP22.50$c0$e01-jan-2021$fGBP22.50$g0$hA$5Uk
=EST  \\$a1
=FIN  \\$aY$d20071120
=MNI  \\$a1030-0112
=TCO  \\$aCLA$bCLA$c008
=TCO  \\$aAUS$bCAL$c008
=TOC  \\$aETOC
=ACF  \\$aPrevious copyright fee: GBP12.00$c0$e01-jan-2012$fGBP12.00$g0$hA$5Uk
=ACF  \\$aPrevious copyright fee: GBP10.50$c0$e01-jan-2011$fGBP10.50$g0$hA$5Uk
=ACF  \\$aPrevious copyright fee: GBP9.00$c0$e06-jan-2010$fGBP9.00$g0$hA$5Uk
=ACF  \\$aPrevious copyright fee: GBP21.00$c2\0$e01-jan-2010$fGBP21.00$g0$hP$5Uk
=ACF  \\$aPrevious copyright fee: GBP20.00$c2\0$e01-jan-2009$fGBP20.00$g0$hP$5Uk
=ACF  \\$aPrevious copyright fee: GBP19.00$c2\0$e01-apr-2008$fGBP19.00$g0$hP$5Uk
=ACF  \\$aPrevious Copyright Fee: GBP20.00$c2\0$e07-dec-2007$fGBP20.00$g0$hP$5Uk
=ACF  \\$aPrevious Copyright Fee: GBP20.00$c0$e01-jul-2012$fGBP20.00$g0$hC$5Uk
=ACF  \\$aPrevious copyright fee: GBP20.00$c43\0$e02-aug-2012$fGBP20.00$g0$hP$5Uk
=ACF  \\$aPrevious copyright fee: GBP25.00$c43\0$e01-jul-2016$fGBP25.00$g0$hP$5Uk
=ACF  \\$aPrevious Copyright Fee: GBP17.50$c0$e01-apr-2019$fGBP17.50$g0$hA$5Uk
=ACF  \\$aPrevious Copyright Fee: GBP20.00$c0$e01-jan-2020$fGBP20.00$g0$hA$5Uk
=LAS  \\$aIPL-CLA$b00$c20221231$lBLL01$h1448

