=LDR  05114cas a2201141 a 4500
=001  012908489
=003  Uk
=005  20230930080655.0
=006  m\\\\\\\\d\|\\\\\\
=007  cr||||||||||||
=008  040430c19399999xxuqr\p\o\\\\\0\\\a0eng\\
=FMT  \\$a  SE
=015  \\$aGBB407129$2bnb
=019  c\$a102094789
=022  0\$a1468-2508
=037  \\$aBL_00223816$bPortico$nCambridge University Press
=037  3\$aISSN_00223816$bPortico$nCambridge University Press
=040  \\$aUk$beng$cUk$dUk
=042  \\$aukblsr
=082  04$a320.05$223
=130  0\$aJournal of politics (Online)
=222  \0$aJournal of politics$b(Online)
=245  10$aJournal of politics$h[electronic resource].
=260  \\$aOxford :$bBlackwell
=260  2\$aCambridge :$bCambridge University Press
=264  31$32015-$aChicago :$bUniversity of Chicago Press on behalf of the Southern Political Science Association
=310  \\$aQuarterly
=336  \\$atext$2rdacontent
=337  \\$acomputer$2rdamedia
=338  \\$aonline resource$2rdacarrier
=362  0\$aVol. 1, issue 01 (Feb. 1939)-
=538  \\$aMode of access: World Wide Web.
=588  \\$aTitle from journal information screen (Cambridge Journals, viewed Dec. 1, 2012).
=588  \\$aLatest issue consulted: volume 77, number 1 (January 2015) (JSTOR, viewed March 13, 2015).
=540  \\$aCurrent Copyright Fee: GBP11.65$c0$5Uk
=650  \0$aPolitical science$vPeriodicals.
=710  2\$aSouthern Political Science Association,$eissuing body.
=776  08$iPrint version:$tJournal of politics$x0022-3816
=859  \\$aELD$bejournal
=856  40$uhttp://www.press.uchicago.edu/ucp/journals/journal/jop.html
=856  40$uhttp://www.jstor.org/action/showPublication?journalCode=jpolitics
=856  40$31939-2014:$uhttp://journals.cambridge.org/action/displayJournal?jid=JOP
=856  40$32000-2007:$uhttp://www.blackwellpublishing.com/journal.asp?ref=0022-3816&site=1
=852  41$aBritish Library$bHMNTS$jELD Digital store$3Volume 76:Number 1(2014:Jan.)-Volume 76:Number 4(2014:Oct.)
=852  41$aBritish Library$bDSC$j5040.900000$3aug-2003 VOL 65 PART 3-Volume 69:Part 4(2007:Nov.)***See ESTAR for full holdings.
=945  \\$aJournal of politics
=959  \\$fHeld but not currently received
=963  \\$aVOL. 1, 1939-$bN$cP206.C.116
=985  \\$aEjournals project 2012.
=985  \\$aISSN UK Centre note: Responsibility transferred to U.S ISSN Center - 16/3/15.
=CAT  \\$a9604$b40$c20040430$lTMP01$h1426
=CAT  \\$a11316$b40$c20150313$lBLL01$h1130
=CAT  \\$a11316$b40$c20150316$lBLL01$h1509
=CAT  \\$aBATCH-UPD$b40$c20160413$lBLL01$h1818
=CAT  \\$aBATCH-UPD$b40$c20170304$lBLL01$h1149
=CAT  \\$aW1711-1005$c20171206$lBLL01$h1816
=CAT  \\$a11033$b40$c20180222$lBLL01$h1604
=CAT  \\$aW1902-1304$c20190314$lBLL01$h1239
=CAT  \\$aBATCH-UPD$b00$c20190314$lBLL01$h1618
=CAT  \\$aIPL-CLA$c20190331$lBLL01$h1725
=CAT  \\$aDEL-3PM$c20190409$lBLL01$h0905
=CAT  \\$aBATCH-CLA$b00$c20191219$lBLL01$h1731
=CAT  \\$aIPL-CLA$c20191231$lBLL01$h1927
=CAT  \\$aR2001-1524$c20200127$lBLL01$h2004
=CAT  \\$aBATCH-CLA$b00$c20201204$lBLL01$h1531
=CAT  \\$aIPL-CLA$c20201231$lBLL01$h1528
=CAT  \\$aBATCH-CLA$b00$c20211222$lBLL01$h1609
=CAT  \\$aIPL-CLA$c20211231$lBLL01$h1542
=CAT  \\$aBATCH-CLA$b00$c20221206$lBLL01$h1724
=CAT  \\$aIPL-CLA$c20221231$lBLL01$h1445
=CAT  \\$aBATCH-CLA$b00$c20230329$lBLL01$h1624
=CAT  \\$aIPL-CLA$c20230331$lBLL01$h1546
=CAT  \\$aBATCH-CLA$b00$c20230622$lBLL01$h1233
=CAT  \\$aIPL-CLA$c20230630$lBLL01$h1552
=CAT  \\$aBATCH-CLA$b00$c20230921$lBLL01$h1420
=CAT  \\$aIPL-CLA$c20230930$lBLL01$h0806
=CFI  0\$aCurrent Copyright Fee: GBP11.65$c0$e01-oct-2023$fGBP11.65$g0$hC$5Uk
=CFI  2\$aPrevious Copyright Fee: GBP12.05$c0$e01-jul-2023$fGBP12.05$g0$hC$5Uk
=EST  \\$a1
=FIN  \\$aY$d20070429
=LEO  \\$aMP10.0000631369
=LET  \0$aJournal of politics (Electronic)
=LKR  \\$aPAR$b010491600$lBLL01$nJournal of politics (Print)$mJournal of politics (Online)$r776
=MNI  \\$a0022-3816
=SRC  \\$aDSS01$bbibmp10.200404.2.aa
=TCO  \\$aCLA$bCLA$c008
=TCO  \\$aTRS$bCCC$c008
=TOC  \\$aETOC
=ACF  \\$aPrevious copyright fee: GBP16.00$c10\0$e01-jan-2006$fGBP16.00$g0$hP$5Uk
=ACF  \\$aCurrent Copyright Fee: GBP10.00$c0$e01-jul-2009$fGBP10.00$g0$hC$5Uk
=ACF  \\$aPrevious copyright fee: GBP20.00$c43\0$e05-nov-2010$fGBP20.00$g0$hP$5Uk
=ACF  \\$aPrevious Copyright Fee: GBP17.50$c0$e01-apr-2019$fGBP17.50$g0$hA$5Uk
=ACF  \\$aPrevious Copyright Fee: GBP20.00$c0$e01-jan-2020$fGBP20.00$g0$hA$5Uk
=ACF  \\$aPrevious Copyright Fee: GBP22.50$c0$e01-jan-2021$fGBP22.50$g0$hA$5Uk
=ACF  \\$aPrevious Copyright Fee: GBP32.86$c0$e01-jan-2022$fGBP32.86$g0$hC$5Uk
=ACF  \\$aBritish Library not licensed to copy$c0$e01-jan-2023$hC$iCFP Excluded$5Uk
=ACF  \\$aPrevious Copyright Fee: GBP12.26$c0$e01-apr-2023$fGBP12.26$g0$hC$5Uk
=LAS  \\$aIPL-CLA$b00$c20230930$lBLL01$h0806

