=LDR  05647cas a2201177 a 4500
=001  013352102
=003  Uk
=005  20221231144646.0
=006  m\\\\\\\\d\\\\\\\\
=007  cr\cnu||||||||
=008  020329c19989999miuqr\p\o\\\\\0\\\a0eng\c
=FMT  \\$a  SE
=010  \\$a2002212699
=015  \\$aGBB5I2819$2bnb
=022  \\$a1539-4077$y1463-4988
=037  \\$bPortico$nTaylor & Francis$aISSN_14634988_21
=040  \\$aNSD$cNSD$dOCLCQ$dF#A$dOCLCQ$dOCLCS$dUk
=042  \\$aukblsr
=082  04$a333.9528$222
=130  0\$aAquatic ecosystem health & management (Online)
=210  0\$aAquat. ecosys. health manag.$b(Philadelphia, Pa. Online)
=222  \0$aAquatic ecosystem health & management$b(Philadelphia, Pa. Online)
=245  10$aAquatic ecosystem health & management$h[electronic resource].
=246  3\$aAquatic ecosystem health and management
=260  \\$aPhiladelphia, PA :$bTaylor & Francis, Inc.
=264  31$aEast Lansing, MI :$bMichigan State University Press
=310  \\$aQuarterly
=336  \\$atext$2rdacontent
=337  \\$acomputer$2rdamedia
=338  \\$aonline resource$2rdacarrier
=362  1\$aPrint began with vol. 1, no. 1 (1998).
=550  \\$a"Official journal of the Aquatic Ecosystem Health and Management Society (AEHMS)."
=588  \\$aDescription based on surrogate of: Vol. 2 (2002); title from title screen.
=588  \\$aLatest issue consulted: volume 25 number 1 (January-March 2022); viewed via BioOne Complete, October 5, 2022.
=540  \\$aBritish Library not licensed to copy$c0$5Uk
=650  \0$aAquatic ecology$vPeriodicals.
=650  \0$aEcosystem management$vPeriodicals.
=710  2\$aAquatic Ecosystem Health and Management Society.
=776  08$iAlso issued in print as:$tAquatic ecosystem health & management$x1463-4988
=856  40$uhttp://www.tandfonline.com/toc/uaem20/current
=856  40$32001-$uhttp://www.ingentaconnect.com/content/tandf/uaeh
=856  40$uhttps://bioone.org/journals/aquatic-ecosystem-health-and-management
=859  \\$aELD$bejournal
=852  41$aBritish Library$bHMNTS$jELD Digital store$3Volume 19:Issue 1(2016)-Volume 23:Issue 4(2020)***Previous issues available in print copy
=852  41$aBritish Library$bDSC$j1582.372700$3Volume 9:Issue 1(2006)-Volume 14:Issue 4(2011)***See ESTAR for full holdings.
=945  \\$aAQUATIC ECOSYSTEM HEALTH AND MANAGEMENT
=959  \\$fHeld but not currently received
=CAT  \\$a6550$b40$c20051203$lBLL01$h1147
=CAT  \\$a8323$b40$c20151221$lBLL01$h1419
=CAT  \\$a8323$b40$c20151221$lBLL01$h1422
=CAT  \\$aIPL-CLA$c20151231$lBLL01$h1922
=CAT  \\$a8323$b40$c20160104$lBLL01$h1307
=CAT  \\$a8037$b40$c20160122$lBLL01$h0919
=CAT  \\$a5552$b40$c20160229$lBLL01$h1433
=CAT  \\$aIPL-CLA$c20160331$lBLL01$h1731
=CAT  \\$aBATCH-UPD$b00$c20160620$lBLL01$h0201
=CAT  \\$aBATCH-UPD$b00$c20161122$lBLL01$h1505
=CAT  \\$aIPL-CLA$c20161230$lBLL01$h2149
=CAT  \\$aBATCH-UPD$b00$c20171121$lBLL01$h1655
=CAT  \\$aW1711-1005$c20171206$lBLL01$h1818
=CAT  \\$aIPL-CLA$c20171231$lBLL01$h1649
=CAT  \\$aBATCH-UPD$b00$c20181217$lBLL01$h1644
=CAT  \\$aIPL-CLA$c20181231$lBLL01$h1543
=CAT  \\$aBATCH-UPD$b00$c20191122$lBLL01$h1906
=CAT  \\$aIPL-CLA$c20191231$lBLL01$h1937
=CAT  \\$aBATCH-UPD$b00$c20201118$lBLL01$h1340
=CAT  \\$a12654$b40$c20201119$lBLL01$h1436
=CAT  \\$aIPL-CLA$c20201231$lBLL01$h1529
=CAT  \\$aDEL-3PM$c20210112$lBLL01$h1249
=CAT  \\$a11205$b40$c20221005$lBLL01$h1408
=CAT  \\$a11205$b40$c20221005$lBLL01$h1410
=CAT  \\$aBATCH-CLA$b00$c20221206$lBLL01$h1717
=CAT  \\$aIPL-CLA$c20221231$lBLL01$h1446
=CFI  0\$aBritish Library not licensed to copy$c0$e01-jan-2023$hC$iCFP Excluded$5Uk
=CFI  2\$aPrevious copyright fee: GBP22.50$c0$e01-jan-2021$fGBP22.50$g0$hA$5Uk
=EST  \\$a1
=FIN  \\$aY$d20051203
=LET  \0$aAquatic ecosystem health & management (Electronic)
=MNI  \\$a1463-4988
=SID  \\$aZ39$bOCLC
=TCO  \\$aTRS$bCCC$c008
=TCO  \\$aCLA$bCLA$c008
=TOC  \\$aETOC
=ACF  \\$aPrevious copyright fee: GBP21.00$c2\0$e01-jan-2011$fGBP21.00$g0$hP$5Uk
=ACF  \\$aPrevious copyright fee: GBP17.00$c2\0$e01-jan-2010$fGBP17.00$g0$hP$5Uk
=ACF  \\$aPrevious copyright fee: GBP16.00$c2\0$e01-jan-2009$fGBP16.00$g0$hP$5Uk
=ACF  \\$aPrevious copyright fee: GBP15.00$c2\0$e01-apr-2008$fGBP15.00$g0$hP$5Uk
=ACF  \\$aPrevious copyright fee: GBP16.00$c2\0$e01-jan-2007$fGBP16.00$g0$hP$5Uk
=ACF  \\$aPrevious copyright fee: GBP13.00$c2\0$e01-jan-2005$fGBP13.00$g0$hP$5Uk
=ACF  \\$aPrevious copyright fee: GBP23.00$c2\0$e01-jan-2012$fGBP23.00$g0$hP$5Uk
=ACF  \\$aPrevious copyright fee: GBP27.00$c2\0$e08-nov-2012$fGBP27.00$g0$hP$5Uk
=ACF  \\$aPrevious copyright fee: GBP27.50$c2\0$e01-jan-2013$fGBP27.50$g0$hP$5Uk
=ACF  \\$aPrevious copyright fee: GBP28.00$c2\0$e01-jan-2014$fGBP28.00$g0$hP$5Uk
=ACF  \\$aPrevious copyright fee: GBP30.00$c2\0$e01-jan-2015$fGBP30.00$g0$hP$5Uk
=ACF  \\$aPrevious copyright fee: GBP34.00$c2\0$e01-jan-2016$fGBP34.00$g0$hP$5Uk
=ACF  \\$aPrevious copyright fee: GBP31.00$c2\0$e01-apr-2016$fGBP31.00$g0$hP$5Uk
=ACF  \\$aPrevious copyright fee: GBP33.00$c2\0$e01-jan-2017$fGBP33.00$g0$hP$5Uk
=ACF  \\$aPrevious copyright fee: GBP35.00$c2\0$e01-jan-2018$fGBP35.00$g0$hP$5Uk
=ACF  \\$aPrevious copyright fee: GBP37.00$c2\0$e01-jan-2019$fGBP37.00$g0$hP$5Uk
=ACF  \\$aPrevious copyright fee: GBP39.00$c2\0$e01-jan-2020$fGBP39.00$g0$hP$5Uk
=LAS  \\$aIPL-CLA$b00$c20221231$lBLL01$h1446

