=LDR  05988cas a2201321 a 4500
=001  013462809
=003  Uk
=005  20221231144735.0
=006  m\\\\\\\\d\\\\\\\\
=007  cr\mnu||||||||
=008  011113c19809999mauqr\pso\o\\\0\\\a0eng\c
=FMT  \\$a  SE
=010  \\$a2004242167
=015  \\$aGBB350461$2bnb
=022  0\$a1557-9263$l0273-8570$y0273-8570$21
=030  \\$aJFORDM
=035  \\$a(OCoLC)48412068$z(OCoLC)49342576
=037  \\$aISSN_02738570_2$bPortico$nWiley
=040  \\$aMNN$cMNN$dKKU$dWCM$dOCLCQ$dF#A$dOCLCQ$dMYG$dMUQ$dCUS$dNSD$dOCLCQ$dMYG$dEYM$dOCLCQ$dUk
=041  0\$aeng$bspa
=042  \\$ansdp$aukblsr
=050  14$aQL677.5$b.B46
=082  04$a598$223
=130  0\$aJournal of field ornithology (Online)
=210  0\$aJ. field ornithol.$b(Online)
=222  \0$aJournal of field ornithology$b(Online)
=245  10$aJournal of field ornithology$h[electronic resource].
=260  \\$aIpswich, NH :$bNortheastern Bird-Banding Association,$c1980-
=260  2\$a[Malden] :$bWiley
=264  31$aDedham, MA :$bAssociation of Field Ornithologists
=310  \\$aQuarterly
=336  \\$atext$2rdacontent
=337  \\$acomputer$2rdamedia
=338  \\$aonline resource$2rdacarrier
=362  0\$aVol. 51, no. 1 (winter 1980)-
=500  \\$a"A journal of ornithological investigation."
=500  \\$aTitle from cover (JSTOR, viewed July 11, 2008).
=500  \\$aPlace of publication varies.
=588  \\$aLatest issue consulted: volume 93, issue 1 (2022) (Association of Field Ornithologists, viewed May 31, 2022).
=520  \\$aOriginal empirical and methodological papers dealing with the ecology, behavior, taxonomy, life history, and zoogeography of birds in their natural habitats.
=525  \\$aVols. for 1989- include supplement called: Resident bird counts, which includes the breeding bird census and winter bird population study.
=538  \\$aMode of access: World Wide Web.
=546  \\$aAbstracts also in Spanish.
=550  \\$aVols. for 1987- issued by the Association of Field Ornithologists.
=540  \\$aBritish Library not licensed to copy$c0$5Uk
=650  \0$aBirds$vPeriodicals.
=650  \0$aOrnithology$vPeriodicals.
=650  \6$aOrnithologie$vPériodiques.
=650  \6$aOiseaux$xBaguage$vPériodiques.
=650  \6$aOiseaux$vPériodiques.
=710  2\$aNortheastern Bird-Banding Association (U.S.)
=710  2\$aAssociation of Field Ornithologists.
=740  02$aResident bird counts.
=776  08$iAlso issued in print as:$tJournal of field ornithology$x0273-8570
=780  00$tBird-banding (Online)
=859  \\$aELD$bejournal
=856  40$uhttps://journal.afonet.org/
=856  40$uhttp://bibpurl.oclc.org/web/9965
=856  40$uhttp://elibrary.unm.edu/sora/JFO/index.php
=856  40$uhttp://onlinelibrary.wiley.com/journal/10.1111/(ISSN)1557-9263
=856  40$uhttp://www.bioone.org/bioone/?request=get-journals-list&issn=0273-8570
=856  40$uhttp://www.blackwell-synergy.com/loi/jofo
=856  40$uhttp://www.jstor.org/journals/02738570.html
=856  42$3Tables of contents and abstracts$uhttp://apt.allenpress.com/aptonline/?request=get-archive&issn=0273-8570
=852  41$aBritish Library$bHMNTS$jELD Digital store$3Volume 84:Issue 1(2013)-Volume 92:Issue 4(2021)
=852  \\$aBritish Library$bDSC$j4984.110000$3Volume 77:Issue 1(2006)-Volume 85:Issue 4(2014)***See ESTAR for full holdings.
=945  \\$aJournal of field ornithology
=959  \\$fHeld but not currently received
=CAT  \\$a7174$b40$c20060508$lBLL01$h1420
=CAT  \\$aBATCH-CLA$b00$c20140125$lBLL01$h1307
=CAT  \\$aWR14_009$c20140204$lBLL01$h2343
=CAT  \\$aBATCH-CLA$c20140225$lBLL01$h2326
=CAT  \\$aBLDSS-3PM$b00$c20141214$lBLL01$h1523
=CAT  \\$aBATCH-UPD$b00$c20150215$lBLL01$h1627
=CAT  \\$aIPL-CLA$c20150228$lBLL01$h2050
=CAT  \\$aCDS15-UPD$b40$c20150918$lBLL01$h1640
=CAT  \\$aBATCH-UPD$b40$c20160627$lBLL01$h0447
=CAT  \\$aW1703-0316$c20170306$lBLL01$h1825
=CAT  \\$aW1703-0316$c20170307$lBLL01$h1648
=CAT  \\$aIPL-CLA$c20170307$lBLL01$h1824
=CAT  \\$aW1711-1005$c20171206$lBLL01$h1819
=CAT  \\$aBATCH-UPD$b00$c20180219$lBLL01$h1748
=CAT  \\$aBATCH-UPD$b00$c20181121$lBLL01$h1622
=CAT  \\$aIPL-CLA$c20181231$lBLL01$h1544
=CAT  \\$aR1911-0245$c20191127$lBLL01$h0823
=CAT  \\$aR1911-0245$c20191127$lBLL01$h1045
=CAT  \\$aIPL-CLA$c20191231$lBLL01$h1939
=CAT  \\$a12654$b40$c20211026$lBLL01$h0752
=CAT  \\$aIPL-CLA$c20211231$lBLL01$h1543
=CAT  \\$aDEL-3PM$c20220105$lBLL01$h1525
=CAT  \\$a8124$b40$c20220531$lBLL01$h1541
=CAT  \\$a8124$b40$c20220531$lBLL01$h1542
=CAT  \\$aBATCH-CLA$b00$c20221206$lBLL01$h1723
=CAT  \\$aIPL-CLA$c20221231$lBLL01$h1447
=CFI  0\$aBritish Library not licensed to copy$c0$e01-jan-2023$hC$iCFP Excluded$5Uk
=CFI  2\$aPrevious Copyright Fee: GBP22.50$c0$e01-jan-2022$fGBP22.50$g0$hA$5Uk
=EST  \\$a1
=FIN  \\$aY$d20110913
=LET  \0$aJournal of field ornithology (Electronic)
=LKR  \\$aPAR$b010489579$lBLL01$r776$mJournal of field ornithology (Online)$nJournal of field ornithology (Print)
=MNI  \\$a0273-8570
=SID  \\$aZ39$bOCLC
=TCO  \\$aTRS$bCCC$c008
=TOC  \\$aETOC
=UNO  \\$aY
=ACF  \\$aPrevious Copyright Fee: GBP16.00$c10\0$e08-may-2006$fGBP16.00$g0$hP$5Uk
=ACF  \\$aPrevious copyright fee: GBP17.00$c10\0$e01-jan-2009$fGBP17.00$g0$hP$5Uk
=ACF  \\$aPrevious copyright fee: GBP22.00$c10\0$e01-jan-2011$fGBP22.00$g0$hP$5Uk
=ACF  \\$aPrevious copyright fee: GBP24.00$c10\0$e01-mar-2015$fGBP24.00$g0$hP$5Uk
=ACF  \\$aPrevious copyright fee: GBP24.00$c35\0$e07-mar-2017$fGBP24.00$g0$hP$5Uk
=ACF  \\$aPrevious copyright fee: GBP28.00$c35\0$e01-jan-2019$fGBP28.00$g0$hP$5Uk
=ACF  \\$aPrevious Copyright Fee: GBP32.00$c35\0$e01-jan-2020$fGBP32.00$g0$hP$5Uk
=LAS  \\$aIPL-CLA$b00$c20221231$lBLL01$h1447

