=LDR  06037cas a2201309 i 4500
=001  017987573
=003  Uk
=005  20230510085352.0
=006  m\\\\\o\\d\\\\\\\\
=007  cr|bn||||a|a||
=008  110812c19939999sz\qr\p\o\\\\\0\\\a0eng\d
=FMT  \\$a  SE
=015  \\$aGBB6B8451$2bnb
=022  0\$a2474-0896$y0967-4845$l0967-4845$21
=035  \\$a(OCoLC)746582716$z(OCoLC)60627344
=037  \\$aISSN_09674845_21$bPortico$nTaylor & Francis
=040  \\$aOCLCE$beng$cOCLCE$dOCLCQ$dOCLCF$dOCLCO$dOCLCQ$dOCLCO$dOCLCS$dOCLCQ$dOCLCO$dUk
=042  \\$aukblsr
=050  \4$aRB37$b.M4
=060  \4$aW1$bBR508
=070  1\$aRB37.J6
=072  \0$aX300
=072  \0$aX380
=082  04$a616.0756$223
=082  04$a610.07$bM489L
=222  \0$aBritish journal of biomedical science$b(Online)
=245  00$aBritish journal of biomedical science.
=260  \\$aLondon :$bPublished for the Institute of Medical Laboratory Sciences by Royal Society of Medicine Services,$c1993-
=264  21$a[Tunbridge Wells] :$bPublished for the Institute of Biomedical Science and the Academy of Clinical Science and Laboratory Medicine by Step Publishing Ltd
=264  21$a[Abingdon, England] :$bTaylor & Francis
=264  31$a[Lausanne] :$bFrontiers Media SA
=300  \\$billustrations
=310  \\$aQuarterly
=336  \\$atext$2rdacontent
=337  \\$acomputer$2rdamedia
=338  \\$aonline resource$2rdacarrier
=362  0\$aVol. 50, no. 1 (Mar. 1993)-
=588  \\$aDescription based on print version record; title from cover.
=588  \\$aLatest issue consulted: vol. 73, no. 2 (2016) (Taylor & Francis Online, viewed August 25, 2016).
=500  \\$aFrom 2022, published on a Gold Open Access model. All articles immediately, permanently, and freely available to read, download, and access.
=540  \\$aCurrent copyright fee: GBP50.60$c0$5Uk
=650  \0$aMedical sciences$vPeriodicals.
=650  \0$aMedical technology$vPeriodicals.
=650  \2$aBiological Science Disciplines.
=650  \2$aClinical Laboratory Techniques.
=650  \2$aMedical Laboratory Science.
=650  \6$aAnatomie pathologique.
=650  \7$aMedical sciences.$2fast$0(OCoLC)fst01014601
=650  \7$aMedical technology.$2fast$0(OCoLC)fst01014742
=650  17$aKlinische chemie.$2gtt
=650  17$aLaboratoriumonderzoek.$2gtt
=655  \2$aPeriodicals.
=655  \7$aPeriodicals.$2fast$0(OCoLC)fst01411641
=776  08$iAlso issued in print as:$tBritish journal of biomedical science$x0967-4845
=710  2\$aInstitute of Medical Laboratory Sciences (Great Britain)
=710  2\$aRoyal Society of Medicine Services (Great Britain)
=780  00$tMedical laboratory sciences
=780  05$tJournal of biomedical sciences$g1995
=859  \\$aELD$bejournal
=856  40$3HathiTrust Digital Library Limited view (search only)$uhttp://catalog.hathitrust.org/api/volumes/oclc/27845663.html
=856  40$uhttp://www.ibms.org/index.cfm?method=publications.british_journal
=856  40$uhttp://www.tandfonline.com/loi/tbbs20?open=67&repitition=0
=856  40$uhttps://www.frontierspartnerships.org/journals/british-journal-of-biomedical-science
=852  \\$aBritish Library$bDSC$j2306.730000$3Volume 74:Issue 1(2017)-Volume 74:Issue 4(2017)***See ESTAR for full holdings.
=852  41$aBritish Library$bHMNTS$jELD Digital store$3Volume 73:Issue 1(2016)-Volume 78:Issue 4(2021)
=945  \\$aBRITISH JOURNAL OF BIOMEDICAL SCIENCE
=959  \\$fHeld but not currently received
=979  \\$aBritish Library$bDSC$j2306.730000
=CAT  \\$a3072$b40$c20160825$lBLL01$h1432
=CAT  \\$a5508$b40$c20170109$lBLL01$h1430
=CAT  \\$a12654$b40$c20170427$lBLL01$h1404
=CAT  \\$aBLDSS-3PM$b00$c20170502$lBLL01$h1430
=CAT  \\$aBATCH-UPD$b00$c20170502$lBLL01$h1431
=CAT  \\$a5552$b40$c20170504$lBLL01$h1112
=CAT  \\$aBATCH-UPD$b40$c20171121$lBLL01$h1640
=CAT  \\$aW1711-1005$c20171206$lBLL01$h1829
=CAT  \\$aIPL-CLA$c20171231$lBLL01$h1833
=CAT  \\$aBATCH-UPD$b00$c20181217$lBLL01$h1648
=CAT  \\$aIPL-CLA$c20181231$lBLL01$h1555
=CAT  \\$aW1811-111$c20190203$lBLL01$h0956
=CAT  \\$a5410$b40$c20191016$lBLL01$h0858
=CAT  \\$a5410$b40$c20191021$lBLL01$h1137
=CAT  \\$aBATCH-UPD$b40$c20191122$lBLL01$h1910
=CAT  \\$aIPL-CLA$c20191231$lBLL01$h2043
=CAT  \\$aBATCH-UPD$b00$c20201118$lBLL01$h1345
=CAT  \\$aIPL-CLA$c20201231$lBLL01$h1534
=CAT  \\$a12654$b40$c20220713$lBLL01$h1251
=CAT  \\$aDEL-3PM$c20220718$lBLL01$h1438
=CAT  \\$a8483$b40$c20220811$lBLL01$h1502
=CAT  \\$aBATCH-CLA$b00$c20220927$lBLL01$h1151
=CAT  \\$aIPL-CLA$c20220930$lBLL01$h1430
=CAT  \\$a5410$b40$c20221030$lBLL01$h1304
=CAT  \\$aBATCH-CLA$b00$c20221206$lBLL01$h1802
=CAT  \\$aIPL-CLA$c20221231$lBLL01$h1454
=CAT  \\$a12654$b40$c20230510$lBLL01$h0853
=CFI  0\$aCurrent copyright fee: GBP50.60$c0$e10-may-2023$fGBP50.60$g0$hC$5Uk
=CFI  2\$aBritish Library not licensed to copy$c0$e01-jan-2023$hC$iCFP Excluded$5Uk
=CFI  2\$aPrevious Copyright Fee: GBP50.60$c0$e01-oct-2022$fGBP50.60$g0$hC$5Uk
=EST  \\$a1
=FIN  \\$aY$d20160825
=LET  \0$aBritish journal of biomedical science (Electronic)
=LKR  \\$aPAR$b012756545$lBLL01$nBritish journal of biomedical science (Print)$mBritish journal of biomedical science (Online)$r776
=MNI  \\$a0967-4845
=SID  \\$aZ39$bOCLC
=TOC  \\$aETOC
=ACF  \\$aPrevious copyright fee: GBP36.00$c2\0$e27-apr-2017$fGBP36.00$g0$hP$5Uk
=ACF  \\$aPrevious copyright fee: GBP38.00$c2\0$e01-jan-2018$fGBP38.00$g0$hP$5Uk
=ACF  \\$aPrevious copyright fee: GBP40.00$c2\0$e01-jan-2019$fGBP40.00$g0$hP$5Uk
=ACF  \\$aPrevious copyright fee: GBP44.00$c2\0$e01-jan-2021$fGBP44.00$g0$hP$5Uk
=ACF  \\$aPrevious copyright fee: GBP42.00$c2\0$e01-jan-2020$fGBP42.00$g0$hP$5Uk
=ACF  \\$aPrevious copyright fee: GBP22.50$c0$e13-jul-2022$fGBP22.50$g0$hC$5Uk
=LAS  \\$a12654$b40$c20230510$lBLL01$h0853

