=LDR  05056cas a2201177 a 4500
=001  014684120
=003  Uk
=005  20221231144928.0
=006  m\\\\\o\\d\\\\\\\\
=007  cr\bn||||a||||
=008  101117c19829999enkbr\p\o\\\\\0\\\a0eng\d
=FMT  \\$a  SE
=022  \\$a1572-9087$l0252-9602
=035  \\$a(OCoLC)681752073
=037  \\$aISSN_02529602$bPortico$nElsevier
=037  3\$a???$bSinriger
=040  \\$aOCLCE$beng$cOCLCE$dOCLCQ$dUk
=042  \\$aukblsr
=050  \4$aQC19.2$b.S552
=082  04$a530.15$223
=130  0\$aShu xue wu li xue bao (Online).$lEnglish.
=222  \0$aActa Mathematica Scientia$b(Dordrecht. Online)
=245  10$aActa mathematica scientia$h[electronic resource] =$bShu xue wu li xue bao.
=246  31$aShu xue wu li xue bao
=246  13$aShuxue xuebao
=246  1\$iIssues for <2000- > have title:$aActa mathematica scientia.$pSeries B
=250  \\$aEnglish ed.
=260  \\$a[Beijing, China :$bs.n.],$c1982-
=264  21$a[Dordrecht] :$b[Kluwer]
=264  21$a[China] :$bScience Press
=264  31$a[Oxford] :$bElsevier Ltd
=310  \\$aBimonthly,$b2009-
=321  \\$aQuarterly,$b1982-2008
=336  \\$atext$2rdacontent
=337  \\$acomputer$2rdamedia
=338  \\$aonline resource$2rdacarrier
=362  0\$aVol. 2, no. 2 (June 1982)-
=500  \\$aEd. statement from v. 2 contents page; issues for <2000- > lack ed. statement.
=500  \\$aIssues for <Oct. 1999- > lack Chinese title.
=515  \\$aFive no. published in 1999.
=525  \\$aHas occasional supplements.
=580  \\$aWith June 1982, separated from: Shu xue wu li xue bao, to become its English language ed.
=588  \\$aDescription based on surrogate; title from cover.
=588  \\$aDescription based on print version record.
=588  \\$aLatest issue consulted: volume 35, issue 1 (January 2015) (ScienceDirect, viewed March 25, 2015).
=540  \\$aCurrent copyright fee: GBP29.95$c22\1$5Uk
=650  \0$aMathematical physics$vPeriodicals.
=710  2\$31996-$aZhongguo ke xue yuan.$bWuhan wu li yu shu xue yan jiu suo.
=710  2\$31982-1995$aZhongguo ke xue yuan.$bWuhan shu xue wu li yan jiu suo.
=776  08$iAlso issued in print as:$tShu xue wu li xue bao. English.$x0252-9602
=780  17$tShu xue wu li xue bao
=856  40$3HathiTrust Digital Library Limited view (search only)$uhttp://catalog.hathitrust.org/api/volumes/oclc/31794276.html
=859  \\$aELD$bejournal
=852  41$aBritish Library$bDSC$j0631.730000$3Volume 26:Issue 1(2006)-Volume 31:Issue 6(2011)***See ESTAR for full holdings.
=852  41$aBritish Library$bHMNTS$jELD Digital store$3Volume 35:Issue 1(2015)-***Previous issues available in print copy
=945  \\$aActa mathematica scientia -English edition series B-
=959  \\$fHeld but not currently received
=979  \\$aBritish Library$bDSC$j0631.730000N
=CAT  \\$a8464$b40$c20080804$lBLL01$h1326
=CAT  \\$aBATCH-CLA$b00$c20121109$lBLL01$h1722
=CAT  \\$aBATCH-UPD$b00$c20121121$lBLL01$h1659
=CAT  \\$aIPL-CLA$c20121231$lBLL01$h1325
=CAT  \\$aIPL-CLA$c20130102$lBLL01$h1757
=CAT  \\$a8124$b40$c20131113$lBLL01$h1114
=CAT  \\$aBLDSS-3PM$b00$c20141222$lBLL01$h1718
=CAT  \\$a8323$b40$c20150325$lBLL01$h1416
=CAT  \\$a8323$b40$c20150325$lBLL01$h1417
=CAT  \\$a8323$b40$c20150325$lBLL01$h1421
=CAT  \\$a8323$b40$c20150325$lBLL01$h1433
=CAT  \\$a8323$b40$c20150402$lBLL01$h0757
=CAT  \\$a8411$b40$c20150427$lBLL01$h1534
=CAT  \\$aBATCH-UPD$b40$c20150622$lBLL01$h0424
=CAT  \\$a5552$b40$c20160129$lBLL01$h1119
=CAT  \\$aBATCH-UPD$b40$c20160517$lBLL01$h2006
=CAT  \\$aBATCH-UPD$b40$c20171121$lBLL01$h1750
=CAT  \\$aW1711-1005$c20171206$lBLL01$h1821
=CAT  \\$aIPL-CLA$c20171231$lBLL01$h1736
=CAT  \\$a5552$b40$c20190410$lBLL01$h1538
=CAT  \\$aBATCH-UPD$b40$c20190416$lBLL01$h2346
=CAT  \\$a8871$b40$c20190529$lBLL01$h0940
=CAT  \\$a10902$b40$c20200214$lBLL01$h1313
=CAT  \\$a5410$b40$c20221112$lBLL01$h1640
=CAT  \\$aBATCH-UPD$b40$c20221121$lBLL01$h1403
=CAT  \\$aIPL-CLA$c20221231$lBLL01$h1449
=CFI  0\$aCurrent copyright fee: GBP29.95$c22\1$e01-jan-2023$fGBP29.95$g0$hP$5Uk
=CFI  2\$aPrevious copyright fee: GBP34.00$c22\1$e10-apr-2019$fGBP34.00$g0$hP$5Uk
=EST  \\$a1
=FFP  \\$aY$bBLDSS-3PM
=FIN  \\$aY$d20131113
=LET  \0$aActa mathematica scientia (Electronic)
=MNI  \\$a0252-9602
=SID  \\$aZ39$bOCLC
=TCO  \\$aZZZ$c008
=TOC  \\$aETOC
=UNO  \\$aY
=ACF  \\$aPrevious copyright fee: GBP19.00$c5\1$e04-aug-2008$fGBP19.00$g0$hP$5Uk
=ACF  \\$aPrevious copyright fee: GBP20.00$c5\1$e01-jan-2009$fGBP20.00$g0$hP$5Uk
=ACF  \\$aPrevious copyright fee: GBP21.00$c5\1$e01-jan-2012$fGBP21.00$g0$hP$5Uk
=ACF  \\$aPrevious copyright fee: GBP23.40$c5\1$e01-jan-2018$fGBP23.40$g0$hP$5Uk
=ACF  \\$aPrevious copyright fee: GBP22.50$c5\1$e01-jan-2013$fGBP22.50$g0$hP$5Uk
=LAS  \\$aIPL-CLA$b00$c20221231$lBLL01$h1449

