=LDR  06087cas a2201297 a 4500
=001  013359416
=003  Uk
=005  20230630155202.0
=006  m\\\\\\\\d\\\\\\\\
=007  cr\|||||||||||
=008  000707c19839999enkqr\pss\\\\\0\\\a0eng\d
=FMT  \\$a  SE
=010  \\$a2004263275
=015  \\$aGBA605753$2bnb
=022  0\$a1470-1030$y0810-9028$202
=037  \\$aISSN_08109028$bPortico$nTaylor & Francis
=037  3\$aISSN_08109028_202$bPortico$nPluto Journals
=040  \\$aF#A$cF#A$dOCLCQ$dOCL$dTXA$dUk
=042  \\$aukblsr$aissnuk
=043  \\$au-at---
=050  14$aHC79.T4$bP764
=082  10$a303$223
=130  0\$aPrometheus (Saint Lucia, Brisbane, Qld. : Online)
=222  \0$aPrometheus$b(Online)
=245  10$aPrometheus$h[electronic resource].
=260  \\$a[Abingdon, Oxfordshire] :$bCarfax International Publishers,$c[2000]-
=260  2\$a[Abingdon] :$bRoutledge
=264  31$32020-$aLondon :$bPluto Journals
=310  \\$aQuarterly
=336  \\$atext$2rdacontent
=337  \\$acomputer$2rdamedia
=338  \\$aonline resource$2rdacarrier
=362  1\$aPrint began with vol. 1, no. 1 (June 1983).
=500  \\$aDescription based on: Vol. 18, no. 1 (Mar. 2000); title from issue table of contents (MetaPress, viewed Dec. 6, 2004).
=500  \\$aLatest issue consulted: volume 36, issue 1 (March 2020) (JSTOR, viewed September 29, 2020).
=530  \\$aAlso issued in print.
=538  \\$aMode of access: World Wide Web.
=540  \\$aCurrent copyright fee: GBP15.00$c0$5Uk
=650  \0$aTechnological innovations$vPeriodicals.
=650  \0$aInformation science$xEconomic aspects$vPeriodicals.
=650  \0$aCommunication$vPeriodicals.
=650  \0$aScience and state$vPeriodicals.
=650  \0$aTechnology$zAustralia$vPeriodicals.
=690  7\$aSocial Welfare$2blcoll
=776  1\$tPrometheus$x0810-9028
=856  40$uhttp://journalsonline.tandf.co.uk/app/home/journal.asp?wasp=28f7f596a03146c0bb4ec558238638fe&referrer=parent&backto=searchpublicationsresults,1,1;homemain,1,1;$zLink no longer valid
=856  40$uhttp://www.tandfonline.com/toc/cpro20/current
=856  4\$uhttps://www.plutojournals.com/prometheus/
=856  40$uhttps://www.jstor.org/journal/prometheus$xOA-J
=859  \\$aELD$bejournal
=852  41$aBritish Library$bHMNTS$jELD Digital store$3Volume 32:Number 1(2014)-***Previous issues available in print copy
=852  41$aBritish Library$bDSC$j6925.048000$3Volume 24:Issue 1(2006)-Volume 29:Issue 4(2011)***See ESTAR for full holdings.
=945  \\$aPROMETHEUS -ST LUCIA QUEENSLAND THEN ABINGDON-.
=959  \\$fHeld but not currently received
=979  \\$aBritish Library$bDSC$j6925.048000
=985  \\$aISSN responsibility transferred from ISSN UK Centre to U.S. ISSN Center Taylor & Francis, Multinational Publisher List, Summer 2016
=985  \\$aISSN transferred back from U.S. to UK (06/10/20)
=985  \\$aISSN UK Centre: ROAD-OA.
=CAT  \\$a11281$b40$c20051213$lBLL01$h1406
=CAT  \\$aIPL-CLA$c20161230$lBLL01$h2150
=CAT  \\$aBATCH-UPD$b00$c20171121$lBLL01$h1623
=CAT  \\$aW1711-1005$c20171206$lBLL01$h1818
=CAT  \\$aIPL-CLA$c20171231$lBLL01$h1650
=CAT  \\$aBATCH-UPD$b00$c20181217$lBLL01$h1629
=CAT  \\$aIPL-CLA$c20181231$lBLL01$h1543
=CAT  \\$a14412$b40$c20191105$lBLL01$h1333
=CAT  \\$a14412$b40$c20191105$lBLL01$h1334
=CAT  \\$aBATCH-UPD$b40$c20191122$lBLL01$h1842
=CAT  \\$aIPL-CLA$c20191231$lBLL01$h1937
=CAT  \\$a5410$b40$c20200729$lBLL01$h1945
=CAT  \\$a14586$b40$c20200818$lBLL01$h1606
=CAT  \\$a10806$b40$c20200929$lBLL01$h0833
=CAT  \\$a10806$b40$c20201006$lBLL01$h0746
=CAT  \\$aBATCH-UPD$b40$c20201118$lBLL01$h1324
=CAT  \\$aIPL-CLA$c20201231$lBLL01$h1529
=CAT  \\$a10973$b40$c20210216$lBLL01$h0832
=CAT  \\$aBATCH-UPD$b40$c20221121$lBLL01$h1319
=CAT  \\$aIPL-CLA$c20221231$lBLL01$h1447
=CAT  \\$a8055$b40$c20230531$lBLL01$h1425
=CAT  \\$a12654$b40$c20230601$lBLL01$h0950
=CAT  \\$a12654$b40$c20230601$lBLL01$h1059
=CAT  \\$a12654$b40$c20230601$lBLL01$h1102
=CAT  \\$aDEL-3PM$c20230605$lBLL01$h0924
=CAT  \\$aIPL-CLA$c20230630$lBLL01$h1552
=CFI  0\$aCurrent copyright fee: GBP15.00$c0$e01-jul-2023$fGBP15.00$g0$hC$5Uk
=CFI  2\$aPrevious copyright fee: GBP25.00$c0$e31-may-2023$fGBP25.00$g0$hA$5Uk
=EST  \\$a1
=FIN  \\$aY$d20051213
=MNI  \\$a0810-9028
=SID  \\$aZ39$bOCLC
=TCO  \\$aCLA$bCLA$c008
=TCO  \\$aAUS$bCAL$c008
=TOC  \\$aETOC
=ACF  \\$aPrevious copyright fee: GBP17.00$c1\0$e01-jan-2010$fGBP17.00$g0$hP$5Uk
=ACF  \\$aPrevious copyright fee: GBP16.00$c1\0$e01-jan-2009$fGBP16.00$g0$hP$5Uk
=ACF  \\$aPrevious copyright fee: GBP15.00$c1\0$e01-apr-2008$fGBP15.00$g0$hP$5Uk
=ACF  \\$aPrevious copyright fee: GBP16.00$c1\0$e01-jan-2007$fGBP16.00$g0$hP$5Uk
=ACF  \\$aPrevious copyright fee: GBP13.00$c1\0$e01-jan-2005$fGBP13.00$g0$hP$5Uk
=ACF  \\$aPrevious copyright fee: GBP21.00$c1\0$e01-jan-2011$fGBP21.00$g0$hP$5Uk
=ACF  \\$aPrevious copyright fee: GBP23.00$c1\0$e01-jan-2012$fGBP23.00$g0$hP$5Uk
=ACF  \\$aPrevious copyright fee: GBP23.50$c1\0$e01-jan-2013$fGBP23.50$g0$hP$5Uk
=ACF  \\$aPrevious copyright fee: GBP24.00$c1\0$e01-jan-2014$fGBP24.00$g0$hP$5Uk
=ACF  \\$aPrevious copyright fee: GBP25.00$c1\0$e01-jan-2015$fGBP25.00$g0$hP$5Uk
=ACF  \\$aPrevious copyright fee: GBP26.00$c1\0$e01-jan-2016$fGBP26.00$g0$hP$5Uk
=ACF  \\$aPrevious copyright fee: GBP28.00$c1\0$e01-jan-2017$fGBP28.00$g0$hP$5Uk
=ACF  \\$aPrevious copyright fee: GBP30.00$c1\0$e01-jan-2018$fGBP30.00$g0$hP$5Uk
=ACF  \\$aPrevious copyright fee: GBP32.00$c1\0$e01-jan-2019$fGBP32.00$g0$hP$5Uk
=ACF  \\$aPrevious copyright fee: GBP34.00$c1\0$e01-jan-2020$fGBP34.00$g0$hP$5Uk
=ACF  \\$aPrevious copyright fee: GBP37.00$c1\0$e01-jan-2023$fGBP37.00$g0$hP$5Uk
=ACF  \\$aPrevious copyright fee: GBP35.00$c1\0$e01-jan-2021$fGBP35.00$g0$hP$5Uk
=LAS  \\$aIPL-CLA$b00$c20230630$lBLL01$h1552

