=LDR  05023cas a2201153 a 4500
=001  012432245
=003  Uk
=005  20191004145019.0
=006  m\\\\\\\\d\\\\\\\\
=007  cr\|||||||||||
=008  001030c19819999enkbr\pss\\\\\0\\\a0eng\d
=FMT  \\$a  SE
=010  \\$a  2007233669
=019  c\$a102182581
=022  0\$a1573-4935$y0144-8463$202
=035  \\$a(OCoLC)45253913
=037  \\$aISSN_01448463$bPortico$nPortland Press
=040  \\$aUk$cUk$dUk
=042  \\$aukblsr$aissnuk
=050  14$aQH506
=082  04$a572.8$222
=130  0\$aBioscience reports (Online)
=210  0\$aBiosci. rep.$b(Dordr., Online)
=222  \0$aBioscience reports$b(Dordrecht. Online)
=245  10$aBioscience reports$h[electronic resource].
=260  \\$a[New York, N.Y.] :$bPlenum
=260  2\$aDordrecht :$bKluwer
=260  2\$a[Dordrecht] :$bSpringer Netherlands
=260  3\$32008-$aLondon :$bPortland Press
=310  \\$aBimonthly
=336  \\$atext$2rdacontent
=337  \\$acomputer$2rdamedia
=338  \\$aonline resource$2rdacarrier
=362  1\$aPrint began with vol. 1, no. 1 (Jan. 1981).
=500  \\$aDescription based on: Vol. 17, no. 1 (Feb. 1997); title from contents screen (SpringerLink, viewed Aug. 22, 2007).
=500  \\$aLatest issue consulted: Vol. 39, no.8 (August 2019); (viewed August 15 2019).
=538  \\$aMode of access: World Wide Web.
=540  \\$aCurrent copyright fee: GBP30.00$c0$5Uk
=650  \0$aMolecular biology$vPeriodicals.
=650  \0$aCytology$vPeriodicals.
=776  08$iPrint version:$tBioscience reports$x0144-8463
=856  4\$uhttp://firstsearch.oclc.org$zAddress for accessing the journal using authorization number and password through OCLC FirstSearch Electronic Collections Online
=859  \\$aELD$bejournal
=856  40$uhttp://www.bioscirep.org/
=852  41$aBritish Library$bDSC$j2089.611600$3feb-1997 VOL 17 PART 1-Volume 27:Issue 6(2007)***See ESTAR for full holdings.
=852  41$aBritish Library$bHMNTS$jELD Digital store$3Volume 1:Issue 1(1981)-
=945  \\$aBioscience reports
=959  \\$fHeld but not currently received
=985  \\$aISSN responsibility transferred from ISSN Netherlands to ISSN UK, August 15 2019.
=A02  \\$a102182581
=CAT  \\$aCONV$b00$c20040425$lBLL90$h0712
=CAT  \\$aBATCH-UPD$b40$c20081231$lBLL01$h2311
=CAT  \\$aBATCH-UPD$b40$c20090101$lBLL01$h0045
=CAT  \\$aBATCH$b00$c20090101$lBLL01$h0220
=CAT  \\$aBATCH-UPD$b00$c20090319$lBLL01$h1020
=CAT  \\$aBATCH-UPD$b00$c20090331$lBLL01$h2307
=CAT  \\$aBATCH-UPD$b00$c20090401$lBLL01$h0039
=CAT  \\$aBATCH$b00$c20090401$lBLL01$h0208
=CAT  \\$a11033$b40$c20091118$lBLL01$h1122
=CAT  \\$a11033$b40$c20091118$lBLL01$h1215
=CAT  \\$a11033$b40$c20091118$lBLL01$h1217
=CAT  \\$aBATCH$b00$c20091210$lBLL01$h2329
=CAT  \\$a5552$b40$c20100127$lBLL01$h0935
=CAT  \\$a8323$b40$c20100804$lBLL01$h0949
=CAT  \\$a8323$b40$c20100804$lBLL01$h0955
=CAT  \\$a8323$b40$c20100804$lBLL01$h1014
=CAT  \\$aBATCH-UPD$b40$c20101201$lBLL01$h1248
=CAT  \\$aWR10_164$c20101215$lBLL01$h1510
=CAT  \\$aIPL-CLA$c20101231$lBLL01$h1508
=CAT  \\$a5552$b40$c20110106$lBLL01$h1127
=CAT  \\$aBATCH-CLA$b00$c20121109$lBLL01$h1734
=CAT  \\$aWR12_168$c20121206$lBLL01$h1814
=CAT  \\$a11313$b40$c20190815$lBLL01$h1254
=CAT  \\$a15005$b40$c20190911$lBLL01$h1357
=CAT  \\$a10806$b40$c20191004$lBLL01$h1449
=CAT  \\$a10806$b40$c20191004$lBLL01$h1450
=CFI  0\$aCurrent Copyright Fee: GBP30.00$c0$e01-jan-2011$fGBP30.00$g0$hC$5Uk
=CFI  2\$aPrevious Copyright Fee: GBP30.00$c0$e27-Jan-2010$fGBP30.00$g0$hC$5Uk
=EST  \\$a1
=FIN  \\$aY
=LEO  \\$aMP10.0000629515
=MNI  \\$a0144-8463
=SRC  \\$aDSS01$bbibmp10.200404.2.aa
=SRC  \\$aBLL02
=TCO  \\$aNLD$bSTICHTING REPRORECHT$c008
=TOC  \\$aETOC
=ACF  \\$aCurrent copyright fee: GBP6.00$c0$e18-nov-2009$fGBP6.00$g0$hA$5Uk
=ACF  \\$aPrevious copyright fee: GBP22.00$c13\1$e01-apr-2009$fGBP22.00$g0$hP$5Uk
=ACF  \\$aPrevious copyright fee: GBP21.25$c13\1$e01-jan-2009$fGBP21.25$g0$hP$5Uk
=ACF  \\$aPrevious copyright fee: GBP16.75$c13\1$e01-jan-2007$fGBP16.75$g0$hP$5Uk
=ACF  \\$aPrevious copyright fee: GBP16.22$c13\1$e01-oct-2006$fGBP16.22$g0$hP$5Uk
=ACF  \\$aPrevious copyright fee: GBP17.14$c13\1$e01-apr-2006$fGBP17.14$g0$hP$5Uk
=ACF  \\$aPrevious copyright fee: GBP16.67$c13\1$e01-jan-2006$fGBP16.67$g0$hP$5Uk
=ACF  \\$aPrevious copyright fee: GBP16.22$c13\1$e01-apr-2005$fGBP16.22$g0$hP$5Uk
=ACF  \\$aPrevious copyright fee: GBP16.67$c13\1$e01-jan-2005$fGBP16.67$g0$hP$5Uk
=ACF  \\$aPrevious copyright fee: GBP13.51$c13\1$e01-apr-2004$fGBP13.51$g0$hP$5Uk
=ACF  \\$aCurrent copyright fee: GBP14.71$c13\1$e01-jan-2004$fGBP14.71$g0$hP$5Uk
=ACF  \\$aCurrent copyright fee: GBP15.63$c13\1$e01-jan-2003$fGBP15.63$g0$hP$5Uk
=LAS  \\$a10806$b40$c20191004$lBLL01$h1450

