=LDR  05826cas a2201261 a 4500
=001  012432300
=003  Uk
=005  20221231144427.0
=006  m\\\\\\\\d\\\\\\\\
=007  cr||||||||||||
=008  990727c19509999iluqr\poo\\\\\0\\\a0eng\c
=FMT  \\$a  SE
=015  \\$aGBB407103$2bnb
=016  7\$a019723059$2DE-101
=016  7\$a1479330-1$2DE-600
=019  c\$a102038635
=022  0\$a1464-3537
=035  \\$a(WaSeSS)ssj0006694
=035  \\$a(UkCU)4082710
=037  \\$aphisci$bOxford University Press
=037  3\$aISSN_00070882$bPortico$nOxford University Press
=038  \\$aOCoLC
=040  \\$aOAU$beng$cOAU$dOCoLC$dInU$dOCoLC$dCU-S$dOCoLC$dMiEM$dOCoLC$dGBVCP$dOCoLC$dDNAL$dWaSeSS$dUk
=042  \\$aukblsr
=050  14$aQ175
=070  0\$aQ175$b.B787
=082  04$a501$223
=130  0\$aBritish journal for the philosophy of science (Online)
=210  1\$aBr. j. philos. sci.$b(Online)
=222  \0$aBritish journal for the philosophy of science$b(Online)
=245  14$aThe British journal for the philosophy of science$h[electronic resource].
=260  \\$aAberdeen :$bAberdeen University Press,$c1950-
=260  2\$31991-$aOxford :$bOxford University Press
=264  31$32021-$aChicago, IL :$bUniversity of Chicago Press
=310  \\$aQuarterly
=336  \\$atext$2rdacontent
=337  \\$acomputer$2rdamedia
=338  \\$aonline resource$2rdacarrier
=362  1\$aBegan with: V. 1, no. 1 (May 1950).
=550  \\$aIssued by the British Society for the Philosophy of Science.
=588  \\$aDescription based on: Vol. 47, issue 1 (Mar. 1996); title from title screen (viewed June 13, 2000).
=588  \\$aLatest issue consulted: volume 72, number 3 (September 2021) (University of Chicago Press Journals, viewed September 24, 2021).
=540  \\$aBritish Library not licensed to copy$c0$5Uk
=650  \0$aScience$xPhilosophy$vPeriodicals.
=710  2\$aBritish Society for the Philosophy of Science.
=776  08$iAlso issued in print as:$tBritish journal for the philosophy of science$x0007-0882
=859  \\$aELD$bejournal
=856  40$uhttps://www.journals.uchicago.edu/toc/bjps/current
=856  40$uhttp://bjps.oxfordjournals.org/$zLink no longer valid
=852  41$aBritish Library$bHMNTS$jELD Digital store$3Volume 65:Number 1(2014:Mar.)-Volume 71:Number 4(2020)***Previous issues available in print copy
=852  41$aBritish Library$bDSC$j2316.000000$3mar-2000 VOL 51 PART 1-Volume 62:Issue 4(2011)***See ESTAR for full holdings.
=945  \\$aBRITISH JOURNAL FOR THE PHILOSOPHY OF SCIENCE.
=959  \\$fHeld but not currently received
=963  \\$aVOL. 1, 1950- *A=1$bY$cP340:1.C.255
=964  \\$aVOL. 1, 1950- *A=1$c93$dO$eJB75
=985  \\$aCorrected by BSS-generated file for WR# 08/157
=985  \\$aISSN UK Centre: ISSN responsibility transferred to US Center 24/9/21.
=A02  \\$a102038635
=CAT  \\$aCONV$b00$c20040425$lBLL90$h0712
=CAT  \\$a11205$b40$c20140116$lBLL01$h1532
=CAT  \\$aBATCH-CLA$b00$c20140125$lBLL01$h1301
=CAT  \\$aBATCH-CLA$c20140225$lBLL01$h2318
=CAT  \\$aBATCH-UPD$b00$c20141124$lBLL01$h1810
=CAT  \\$aBLDSS-3PM$b00$c20141208$lBLL01$h1624
=CAT  \\$aIPL-CLA$c20141231$lBLL01$h1650
=CAT  \\$aBATCH-UPD$b00$c20151119$lBLL01$h1551
=CAT  \\$aIPL-CLA$c20151231$lBLL01$h1918
=CAT  \\$aBATCH-UPD$b00$c20160524$lBLL01$h2209
=CAT  \\$aBATCH-UPD$b00$c20160525$lBLL01$h0012
=CAT  \\$aBATCH-UPD$b00$c20161122$lBLL01$h1520
=CAT  \\$aIPL-CLA$c20161230$lBLL01$h2113
=CAT  \\$aBATCH-UPD$b00$c20171121$lBLL01$h1703
=CAT  \\$aW1711-1005$c20171206$lBLL01$h1815
=CAT  \\$aIPL-CLA$c20171231$lBLL01$h1623
=CAT  \\$aBATCH-UPD$b00$c20181217$lBLL01$h1651
=CAT  \\$aIPL-CLA$c20181231$lBLL01$h1539
=CAT  \\$aW1910-0530$c20191007$lBLL01$h1114
=CAT  \\$aR1911-1518$c20191206$lBLL01$h1406
=CAT  \\$aIPL-CLA$c20191231$lBLL01$h1922
=CAT  \\$a5552$b40$c20210215$lBLL01$h1439
=CAT  \\$aDEL-3PM$c20210224$lBLL01$h1027
=CAT  \\$a10973$b40$c20210924$lBLL01$h1333
=CAT  \\$aBATCH-CLA$b00$c20221206$lBLL01$h1659
=CAT  \\$aIPL-CLA$c20221231$lBLL01$h1444
=CFI  0\$aBritish Library not licensed to copy$c0$e01-jan-2023$hC$iCFP Excluded$5Uk
=CFI  2\$aPrevious Copyright Fee: GBP22.50$c0$e15-feb-2021$fGBP22.50$g0$hA$5Uk
=EST  \\$a1
=FIN  \\$aY
=LEO  \\$aMP10.0000629570
=LKR  \\$aPAR$b009542410$lBLL01$nBritish journal for the philosophy of science (Print)$mBritish journal for the philosophy of science (Online)$r776
=MNI  \\$a0007-0882
=SID  \\$aZ39$bRLUK
=SRC  \\$aDSS01$bbibmp10.200404.2.aa
=TCO  \\$aCLA$bCLA$c008
=TOC  \\$aETOC
=ACF  \\$aPrevious copyright fee: GBP12.00$c29\0$e01-jan-2004$fGBP12.00$g0$hP$5Uk
=ACF  \\$aCurrent copyright fee: GBP8.00$c29\0$e01-apr-2002$fGBP8.00$g0$hP$5Uk
=ACF  \\$aBritish Library not licensed to copy$c0$e16-mar-1998$g0$iCLA-excluded$5Uk
=ACF  \\$aPrevious copyright fee: GBP13.00$c29\0$e01-jan-2006$fGBP13.00$g0$hP$5Uk
=ACF  \\$aPrevious copyright fee: GBP14.00$c29\0$e01-jan-2008$fGBP14.00$g0$hP$5Uk
=ACF  \\$aPrevious copyright fee: GBP20.00$c29\0$e01-jan-2013$fGBP20.00$g0$hP$5Uk
=ACF  \\$aPrevious copyright fee: GBP23.00$c29\0$e01-jan-2015$fGBP23.00$g0$hP$5Uk
=ACF  \\$aPrevious copyright fee: GBP24.00$c29\0$e01-jan-2016$fGBP24.00$g0$hP$5Uk
=ACF  \\$aPrevious copyright fee: GBP26.00$c29\0$e01-jan-2017$fGBP26.00$g0$hP$5Uk
=ACF  \\$aPrevious copyright fee: GBP27.00$c29\0$e01-jan-2018$fGBP27.00$g0$hP$5Uk
=ACF  \\$aPrevious Copyright Fee: GBP29.00$c29\0$e01-jan-2020$fGBP29.00$g0$hP$5Uk
=ACF  \\$aPrevious copyright fee: GBP28.00$c29\0$e01-jan-2019$fGBP28.00$g0$hP$5Uk
=LAS  \\$aIPL-CLA$b00$c20221231$lBLL01$h1444

