=LDR  06532cas a2201321 a 4500
=001  012432826
=003  Uk
=005  20221231144429.0
=006  m\\\\\o\\d\\\\\\\\
=007  cr\|||||||||||
=008  010829c20009999enkqr\pso\\\\\0\\\a0eng\c
=FMT  \\$a  SE
=010  \\$a2002253338
=015  \\$aGBB407786$2bnb
=019  c\$a102593177
=022  0\$a1467-2235$202
=035  \\$a(OCoLC)47860649$z(OCoLC)48450607
=037  \\$aentsoc$bOxford University Press
=037  2\$aISSN_14672227_30$bPortico$nCambridge University Press
=037  3\$aISSN_14672227$bPortico$nOxford University Press
=040  \\$aPIT$beng$cPIT$dOCLCQ$dWAU$dMUQ$dOCLCQ$dORE$dOCLCQ$dCGU$dF#A$dDOS$dOCLCQ$dAGL$dOCLCF$dUk
=042  \\$aissnuk$aukblsr
=050  14$aHF5001
=070  0\$aHF11$b.E58
=082  04$a338.09$223
=130  0\$aEnterprise & society (Online)
=210  0\$aEnterp. soc.$b(Online)
=222  \0$aEnterprise & Society$b(Online)
=245  10$aEnterprise & society$h[electronic resource].
=246  3\$aEnterprise and society
=260  \\$aOxford, UK :$bFor the Business History Conference by Oxford University Press,$c2000-
=264  31$32015-$aCambridge :$bCambridge University Press on behalf of the Business History Conference
=310  \\$aQuarterly
=336  \\$atext$2rdacontent
=337  \\$acomputer$2rdamedia
=338  \\$aonline resource$2rdacarrier
=362  0\$aVol. 1, issue 1 (Mar. 1 2000)-
=500  \\$aTitle from contents (viewed Dec. 30, 2002).
=538  \\$aMode of access: World Wide Web.
=580  \\$aIssue no. 4 of each vol. 1-3 (2000-2002) includes the Proceedings of the Business History Conference, formerly issued as the separate publication: Business and economic history. With 2003, the abstracts and revised papers of that Conference are published online only and under its own title: Business and economic history on-line; the Conference's Presidential address and Krooss Dissertation Session summaries continue to be published in the 4th issue of each vol. of Enterprise & society.
=588  \\$aLatest issue consulted: FirstView articles (2015) (Cambridge Journals, viewed January 30, 2015).
=540  \\$aBritish Library not licensed to copy$c0$5Uk
=650  \0$aBusiness$xHistory$vPeriodicals.
=690  7\$aManagement and Business Studies$2blcoll
=776  08$iAlso issued in print as:$tEnterprise & Society$x1467-2227
=710  2\$aBusiness History Conference.
=780  10$tBusiness and economic history$x0894-6825
=859  \\$aELD$bejournal
=856  4\$uhttp://firstsearch.oclc.org$zAddress for accessing the journal using authorization number and password through OCLC FirstSearch Electronic Collections Online
=856  4\$uhttp://firstsearch.oclc.org/journal=1467-2227;screen=info;ECOIP$zAddress for accessing the journal from an authorized IP address through OCLC FirstSearch Electronic Collections Online
=856  40$uhttp://es.oupjournals.org/
=856  40$uhttp://muse.jhu.edu/journals/enterpriseandsociety/
=856  40$uhttp://journals.cambridge.org/action/displayJournal?jid=ESO
=852  41$aBritish Library$bHMNTS$jELD Digital store$3Volume 15:Number 1(2014:Mar.)-***Previous issues available in print copy
=852  41$aBritish Library$bDSC$j3776.620250$32000 VOL 1 PART 1-Volume 12:Issue 4(2011)***See ESTAR for full holdings.
=945  \\$aENTERPRISE AND SOCIETY.
=959  \\$fHeld but not currently received
=963  \\$aVOL. 1, 2000- *A=1$bN$cU
=985  \\$aCorrected by BSS-generated file for WR# 08/157
=A02  \\$a102593177
=CAT  \\$aCONV$b00$c20040425$lBLL90$h0712
=CAT  \\$aIPL-CLA$c20141231$lBLL01$h1650
=CAT  \\$a11317$b40$c20150108$lBLL01$h0945
=CAT  \\$a11317$b40$c20150108$lBLL01$h0947
=CAT  \\$a11317$b40$c20150108$lBLL01$h1116
=CAT  \\$a11316$b40$c20150130$lBLL01$h1119
=CAT  \\$aBATCH-CLA$b00$c20150227$lBLL01$h1632
=CAT  \\$aIPL-CLA$c20150331$lBLL01$h1633
=CAT  \\$a5552$b40$c20150605$lBLL01$h1206
=CAT  \\$aBATCH-UPD$b40$c20160524$lBLL01$h2237
=CAT  \\$aBATCH-UPD$b40$c20160525$lBLL01$h0429
=CAT  \\$a5552$b40$c20160603$lBLL01$h0832
=CAT  \\$aIPL-CLA$c20160630$lBLL01$h1605
=CAT  \\$aW1711-1005$c20171206$lBLL01$h1815
=CAT  \\$a11033$b40$c20180222$lBLL01$h1549
=CAT  \\$aW1902-1304$c20190314$lBLL01$h1239
=CAT  \\$aBATCH-UPD$b00$c20190314$lBLL01$h1617
=CAT  \\$aIPL-CLA$c20190331$lBLL01$h1725
=CAT  \\$aDEL-3PM$c20190409$lBLL01$h0905
=CAT  \\$aBATCH-CLA$b00$c20190621$lBLL01$h1538
=CAT  \\$aIPL-CLA$c20190630$lBLL01$h1531
=CAT  \\$a15005$b40$c20191010$lBLL01$h1543
=CAT  \\$aBATCH-CLA$b00$c20210328$lBLL01$h1254
=CAT  \\$aIPL-CLA$c20210331$lBLL01$h1659
=CAT  \\$aBATCH-CLA$b00$c20221206$lBLL01$h1634
=CAT  \\$aIPL-CLA$c20221231$lBLL01$h1444
=CFI  0\$aBritish Library not licensed to copy$c0$e01-jan-2023$hC$iCFP Excluded$5Uk
=CFI  2\$aPrevious Copyright Fee: GBP22.50$c0$e01-apr-2021$fGBP22.50$g0$hC$5Uk
=EST  \\$a1
=FIN  \\$aY
=LEO  \\$aMP10.0000630096
=LEO  \\$aMP22.0000061631
=LET  \0$aEnterprise & society (Electronic)
=LKR  \\$aPAR$b007853042$lBLL01$nEnterprise & society (Print)$mEnterprise & society (Online)$r776
=MNI  \\$a1467-2227
=SID  \\$aZ39$bOCLC
=SRC  \\$aDSS01$bbibmp10.200404.2.aa
=SRC  \\$aISN01$bbibmp22.200404.2.aa
=TCO  \\$aCLA$bCLA$c008
=TOC  \\$aETOC
=ACF  \\$aPrevious copyright fee: GBP15.00$c29\0$e01-jan-2004$fGBP15.00$g0$hP$5Uk
=ACF  \\$aCurrent copyright fee: GBP10.00$c29\0$e01-apr-2002$fGBP10.00$g0$hP$5Uk
=ACF  \\$aCurrent copyright fee: GBP10.00$c0$e01-jul-2001$fGBP10.00$g0$hC$5Uk
=ACF  \\$aPrevious copyright fee: GBP16.00$c29\0$e01-jan-2006$fGBP16.00$g0$hP$5Uk
=ACF  \\$aPrevious copyright fee: GBP18.00$c29\0$e01-jan-2008$fGBP18.00$g0$hP$5Uk
=ACF  \\$aPrevious copyright fee: GBP20.00$c29\0$e01-jan-2013$fGBP20.00$g0$hP$5Uk
=ACF  \\$aPrevious Copyright Fee: GBP16.00$c0$e01-apr-2015$fGBP16.00$g0$hC$5Uk
=ACF  \\$aPrevious copyright fee: GBP12.30$c0$e01-jan-2015$fGBP12.30$g0$hA$5Uk
=ACF  \\$aPrevious copyright fee: GBP20.00$c43\0$e05-jun-2015$fGBP20.00$g0$hP$5Uk
=ACF  \\$aPrevious copyright fee: GBP25.00$c43\0$e01-jul-2016$fGBP25.00$g0$hP$5Uk
=ACF  \\$aPrevious Copyright Fee: GBP17.50$c0$e01-apr-2019$fGBP17.50$g0$hA$5Uk
=ACF  \\$aPrevious Copyright Fee: GBP10.00$c0$e01-jul-2019$fGBP10.00$g0$hC$5Uk
=LAS  \\$aIPL-CLA$b00$c20221231$lBLL01$h1444

