=LDR  05079cas a2201141 a 4500
=001  012433117
=003  Uk
=005  20221231144432.0
=006  m\\\\\\\\d\|\\\\\\
=007  cr||||||||||||
=008  040410c19659999enkqr\p\s\\\\\0\\\a0eng\\
=FMT  \\$a  SE
=015  \\$aGBB404762$2bnb
=019  c\$a102075870
=022  0\$a1477-7053$202
=037  \\$aBL_0017257X$bPortico$nCambridge University Press
=037  3\$aISSN_0017257X_30$bPortico$nCambridge University Press
=040  \\$aUk$beng$cUk$dUk
=042  \\$aissnuk$aukblsr
=082  04$a320.05$223
=130  0\$aGovernment and opposition (Online)
=222  \0$aGovernment and opposition$b(London. Online)
=245  10$aGovernment and opposition$h[electronic resource] :$ban international journal of comparative politics.
=246  3\$aGovernment & opposition
=260  \\$a[London] :$bGovernment and Opposition Limited
=260  2\$a[Oxford] :$bWiley-Blackwell on behalf of Government and Opposition Ltd
=260  3\$a[Cambridge] :$bCambridge University Press
=310  \\$aQuarterly
=336  \\$atext$2rdacontent
=337  \\$acomputer$2rdamedia
=338  \\$aonline resource$2rdacarrier
=362  1\$aPrint began with vol. 1, no. 1 (Oct. 1965).
=538  \\$aMode of access: World Wide Web.
=588  \\$aTitle based on print version record.
=588  \\$aLatest issue consulted: Vol. 48, issue 01 (Jan. 2013) (Cambridge Journals, viewed Jan. 7, 2013).
=540  \\$aCurrent Copyright Fee: GBP25.00$c0$5Uk
=650  \0$aPolitical science$vPeriodicals.
=710  2\$aLondon School of Economics and Political Science.
=776  08$iPrint version:$tGovernment and opposition (London)$x0017-257X
=859  \\$aELD$bejournal
=856  4\$uhttp://www.wiley.com/bw/submit.asp?ref=0017-257x$zLink no longer valid
=856  40$uhttp://journals.cambridge.org/action/displayJournal?jid=GOV
=852  41$aBritish Library$bHMNTS$jELD Digital store$3Volume 49:Issue 1(2014)-***Previous issues available in print copy
=852  41$aBritish Library$bDSC$j4203.900000$32000 VOL 35 PART 1-Volume 46:Issue 4(2011)***See ESTAR for full holdings.
=945  \\$aGovernment and opposition
=959  \\$fHeld but not currently received
=963  \\$aVolume 1 (1965)-$bY$cP207.C.6
=985  \\$aEjournals project 2012.
=A02  \\$a102075870
=CAT  \\$aCONV$b00$c20040425$lBLL90$h0712
=CAT  \\$a14112$b40$c20131212$lBLL01$h1353
=CAT  \\$a11316$b40$c20140110$lBLL01$h0955
=CAT  \\$aBATCH-CLA$b00$c20140125$lBLL01$h1301
=CAT  \\$a14112$b40$c20140211$lBLL01$h1739
=CAT  \\$aBATCH-CLA$c20140225$lBLL01$h2319
=CAT  \\$aWR14_097$c20140704$lBLL01$h1704
=CAT  \\$aWR14_140$c20140905$lBLL01$h1800
=CAT  \\$aBLDSS-3PM$b00$c20141208$lBLL01$h1624
=CAT  \\$aBATCH-UPD$b00$c20160524$lBLL01$h2237
=CAT  \\$aBATCH-UPD$b00$c20160525$lBLL01$h0429
=CAT  \\$a5552$b40$c20160603$lBLL01$h0838
=CAT  \\$aIPL-CLA$c20160630$lBLL01$h1605
=CAT  \\$aW1711-1005$c20171206$lBLL01$h1815
=CAT  \\$a11033$b40$c20180222$lBLL01$h1550
=CAT  \\$aW1902-1304$c20190314$lBLL01$h1239
=CAT  \\$aBATCH-UPD$b00$c20190314$lBLL01$h1617
=CAT  \\$aIPL-CLA$c20190331$lBLL01$h1725
=CAT  \\$aDEL-3PM$c20190409$lBLL01$h0905
=CAT  \\$aBATCH-CLA$b00$c20191219$lBLL01$h1729
=CAT  \\$aIPL-CLA$c20191231$lBLL01$h1922
=CAT  \\$aR2001-1524$c20200127$lBLL01$h2001
=CAT  \\$aBATCH-CLA$b00$c20201204$lBLL01$h1529
=CAT  \\$aIPL-CLA$c20201231$lBLL01$h1528
=CAT  \\$aBATCH-CLA$b00$c20221221$lBLL01$h1836
=CAT  \\$aIPL-CLA$c20221231$lBLL01$h1444
=CFI  0\$aCurrent Copyright Fee: GBP25.00$c0$e01-jan-2023$fGBP25.00$g0$hA$5Uk
=CFI  2\$aPrevious Copyright Fee: GBP22.50$c0$e01-jan-2021$fGBP22.50$g0$hA$5Uk
=EST  \\$a1
=FIN  \\$aY
=LEO  \\$aMP10.0000630387
=LEO  \\$aMP22.0000069331
=LKR  \\$aPAR$b009542834$lBLL01$nGovernment and opposition (Print)$mGovernment and opposition (Online)$r776
=MNI  \\$a0017-257X
=SRC  \\$aDSS01$bbibmp10.200404.2.aa
=SRC  \\$aISN01$bbibmp22.200404.2.aa
=TCO  \\$aCLA$bCLA$c008
=TOC  \\$aETOC
=ACF  \\$aPrevious copyright fee: GBP16.00$c10\0$e01-jan-2006$fGBP16.00$g0$hP$5Uk
=ACF  \\$aPrevious copyright fee: GBP15.00$c10\0$e01-apr-2004$fGBP15.00$g0$hP$5Uk
=ACF  \\$aCurrent copyright fee: GBP13.00$c10\0$e01-apr-2003$fGBP13.00$g0$hP$5Uk
=ACF  \\$aCurrent copyright fee: GBP13.00$c10\6$e27-mar-2003$fGBP13.00$g0$hP$5Uk
=ACF  \\$aPrevious copyright fee: GBP22.00$c10\0$e01-jan-2011$fGBP22.00$g0$hP$5Uk
=ACF  \\$aPrevious copyright fee: GBP17.00$c10\0$e01-jan-2009$fGBP17.00$g0$hP$5Uk
=ACF  \\$aPrevious copyright fee: GBP20.00$c43\0$e02-oct-2013$fGBP20.00$g0$hP$5Uk
=ACF  \\$aPrevious copyright fee: GBP25.00$c43\0$e01-jul-2016$fGBP25.00$g0$hP$5Uk
=ACF  \\$aPrevious Copyright Fee: GBP17.50$c0$e01-apr-2019$fGBP17.50$g0$hA$5Uk
=ACF  \\$aPrevious Copyright Fee: GBP20.00$c0$e01-jan-2020$fGBP20.00$g0$hA$5Uk
=LAS  \\$aIPL-CLA$b00$c20221231$lBLL01$h1444

