=LDR  05807cas a2201261 a 4500
=001  012433403
=003  Uk
=005  20230511162829.0
=006  m\\\\\\\\d\|\\\\\\
=007  cr||||||||||||
=008  020403c19529999enkqr\p\s\\\\\0\\\a0eng\\
=FMT  \\$a  SE
=015  \\$aGBB404940$2bnb
=019  c\$a102085226
=022  0\$a1471-6895$202
=037  \\$aBL_00205893$bPortico$nCambridge University Press
=037  3\$aISSN_00205893_30$bPortico$nCambridge University Press
=040  \\$aUk$beng$cUk
=042  \\$aissnuk$aukblsr
=082  04$a340.2$223
=130  0\$aInternational and comparative law quarterly (Online)
=210  0\$aInt. comp. law q.$b(Online)
=222  \0$aInternational and comparative law quarterly$b(Online)
=245  10$aInternational and comparative law quarterly$h[electronic resource].
=260  \\$aLondon :$bBritish Institute of International and Comparative Law,$c1952-
=260  2\$aOxford :$bOxford University Press
=260  3\$aCambridge :$bCambridge University Press
=310  \\$aQuarterly
=336  \\$atext$2rdacontent
=337  \\$acomputer$2rdamedia
=338  \\$aonline resource$2rdacarrier
=362  1\$aPrint began with vol. 1, no. 1 (Jan. 1952).
=538  \\$aMode of access: World Wide Web.
=550  \\$aPublished for the British Institute of International and Comparative Law.
=588  \\$aDescription based on print record.
=588  \\$aLatest issue consulted: Vol. 61, issue 04 (Oct. 2012) (Cambridge Journals, viewed Jan. 3, 2013).
=595  \\$aABSORBS 4542.789 AND 4961.97 SEE ALSO CARD INDEX.
=540  \\$aCurrent Copyright Fee: GBP10.00$c0$5Uk
=650  \0$aInternational law$vPeriodicals.
=650  \0$aComparative law$vPeriodicals.
=710  2\$aBritish Institute of International and Comparative Law.
=776  0\$tInternational and comparative law quarterly$x0020-5893
=710  2\$aSociety of Comparative Legislation.
=780  14$tInternational law quarterly (Online)
=780  14$tJournal of comparative legislation and international law (Online)
=780  05$tTransactions of the Grotius Society (Online)
=859  \\$aELD$bejournal
=856  4\$uhttp://iclq.oxfordjournals.org/$zLink no longer valid
=856  40$uhttp://journals.cambridge.org/action/displayJournal?jid=ILQ
=852  41$aBritish Library$bHMNTS$jELD Digital store$3Volume 63:Issue 1(2014)-***Previous issues available in print copy
=852  41$aBritish Library$bDSC$j4535.700000$3jan-2001 VOL 50 PART 1-Volume 56:Part 4(2007:Oct.)***See ESTAR for full holdings.
=945  \\$aINTERNATIONAL AND COMPARATIVE LAW QUARTERLY.
=959  \\$fHeld but not currently received
=963  \\$a4TH, SER: VOL. 1, 1952- *A=1$bY$cP250.C.60
=985  \\$aEjournals project 2013.
=A02  \\$a102085226
=CAT  \\$aCONV$b00$c20040425$lBLL90$h0713
=CAT  \\$aBATCH-UPD$b40$c20121105$lBLL01$h1136
=CAT  \\$aBATCH-CLA$b00$c20121109$lBLL01$h1734
=CAT  \\$aWR13.005$c20130323$lBLL01$h1510
=CAT  \\$a14112$b40$c20131212$lBLL01$h1156
=CAT  \\$a11316$b40$c20140113$lBLL01$h1339
=CAT  \\$aBATCH-CLA$b00$c20140125$lBLL01$h1301
=CAT  \\$a14112$b40$c20140212$lBLL01$h1310
=CAT  \\$aBATCH-CLA$c20140225$lBLL01$h2319
=CAT  \\$aWR14_097$c20140704$lBLL01$h1704
=CAT  \\$aWR14_140$c20140905$lBLL01$h1800
=CAT  \\$aBLDSS-3PM$b00$c20141208$lBLL01$h1624
=CAT  \\$aBATCH-UPD$b00$c20160524$lBLL01$h1322
=CAT  \\$a5552$b40$c20160603$lBLL01$h0852
=CAT  \\$aIPL-CLA$c20160630$lBLL01$h1605
=CAT  \\$aW1711-1005$c20171206$lBLL01$h1815
=CAT  \\$a11033$b40$c20180222$lBLL01$h1550
=CAT  \\$aW1902-1304$c20190314$lBLL01$h1239
=CAT  \\$aBATCH-UPD$b00$c20190314$lBLL01$h1617
=CAT  \\$aIPL-CLA$c20190331$lBLL01$h1725
=CAT  \\$aDEL-3PM$c20190409$lBLL01$h0905
=CAT  \\$aBATCH-CLA$b00$c20191219$lBLL01$h1729
=CAT  \\$aIPL-CLA$c20191231$lBLL01$h1922
=CAT  \\$aR2001-1524$c20200127$lBLL01$h2001
=CAT  \\$a12654$b40$c20200129$lBLL01$h0838
=CAT  \\$aBATCH-FIX$c20230511$lBLL01$h1628
=CFI  0\$aCurrent Copyright Fee: GBP10.00$c0$e29-jan-2020$fGBP10.00$g0$hC$5Uk
=CFI  2\$aPrevious Copyright Fee: GBP20.00$c0$e01-jan-2020$fGBP20.00$g0$hA$5Uk
=EST  \\$a1
=FIN  \\$aY
=LEO  \\$aMP22.0000065034
=LEO  \\$aMP10.0000630673
=LKR  \\$aPAR$b009542957$lBLL01$nInternational and comparative law quarterly (Print)$mInternational and comparative law quarterly (Online)$r776
=MNI  \\$a0020-5893
=SRC  \\$aISN01$bbibmp22.200404.2.aa
=SRC  \\$aDSS01$bbibmp10.200404.2.aa
=TCO  \\$aCLA$bCLA$c008
=TOC  \\$aETOC
=ACF  \\$aPrevious Copyright Fee: GBP17.50$c0$e01-apr-2019$fGBP17.50$g0$hA$5Uk
=ACF  \\$aPrevious Copyright Fee: GBP10.00$c0$e01-oct-2010$fGBP10.00$g0$hC$5Uk
=ACF  \\$aCurrent Copyright Fee: GBP15.00$c0$e01-oct-2009$fGBP15.00$g0$hC$5Uk
=ACF  \\$aCurrent Copyright Fee: GBP10.00$c0$e08-jul-2009$fGBP10.00$g0$hC$5Uk
=ACF  \\$aCurrent copyright fee: GBP6.00$c0$e15-apr-2009$fGBP6.00$g0$hA$5Uk
=ACF  \\$aCurrent copyright fee: GBP18.00$c29\0$e01-jan-2008$fGBP18.00$g0$hP$5Uk
=ACF  \\$aPrevious copyright fee: GBP16.00$c29\0$e01-jan-2006$fGBP16.00$g0$hP$5Uk
=ACF  \\$aPrevious copyright fee: GBP15.00$c29\0$e01-jan-2004$fGBP15.00$g0$hP$5Uk
=ACF  \\$aCurrent copyright fee: GBP10.00$c29\0$e01-apr-2002$fGBP10.00$g0$hP$5Uk
=ACF  \\$aCurrent copyright fee: GBP3.51$c0$e01-jul-2001$fGBP3.51$g0$hC$5Uk
=ACF  \\$aCurrent Copyright Fee: GBP10.00$c0$e01-jan-2011$fGBP10.00$g0$hC$5Uk
=ACF  \\$aPrevious copyright fee: GBP20.00$c43\0$e15-feb-2011$fGBP20.00$g0$hP$5Uk
=ACF  \\$aPrevious copyright fee: GBP25.00$c43\0$e01-jul-2016$fGBP25.00$g0$hP$5Uk
=LAS  \\$aBATCH-FIX$b00$c20230511$lBLL01$h1628

