=LDR  06174cas a2201321 a 4500
=001  012434881
=003  Uk
=005  20221231144446.0
=006  m\\\\\o\\d\\\\\\\\
=007  cr\|||||||||||
=008  970522c19709999nyubr\pso\\\\\0\\\a0eng\c
=FMT  \\$a  SE
=010  \\$asn 97006939 
=015  \\$aGBB773676$2bnb
=016  \\$a012434881
=019  c\$a102136667
=022  \\$a1096-0287$y0033-5894
=030  \\$aQRESAV
=035  \\$a(OCoLC)36951663$z(OCoLC)78494988$z(OCoLC)137342759$z(OCoLC)499778320
=037  \\$aISSN_00335894_30$bPortico$nCambridge University Press
=040  \\$aOH1$beng$cOH1$dNSD$dOCL$dMYG$dOCLCQ$dMUQ$dOCL$dOCLCQ$dUKMGB$dAZU$dCNTRU$dOCLCQ$dOCLCO$dOCLCF$dOCLCO$dOCLCQ$dOCL$dOCLCO$dUk
=042  \\$ansdp$apcc$aukblsr
=050  \4$aQE696$b.Q35
=082  04$a551.79$223
=130  0\$aQuaternary research (Online)
=210  0\$aQuat. res.$b(Online)
=222  \0$aQuaternary research$b(Online)
=245  10$aQuaternary research.
=260  \\$aOrlando, Fla. :$bAcademic Press
=264  21$a[Netherlands] :$bElsevier
=264  31$32017-$a[New York, NY?] :$bCambridge University Press
=310  \\$aBimonthly
=336  \\$atext$2rdacontent
=337  \\$acomputer$2rdamedia
=338  \\$aonline resource$2rdacarrier
=530  \\$aAlso issued in print.
=538  \\$aMode of access: World Wide Web.
=588  \\$aDescription based on: Vol. 45, no. 1 (Jan. 1996); title from title information screen.
=588  \\$aLatest issue consulted: volume 87, issue 1 (January 2017) (Cambridge Core, viewed April 26, 2017).
=550  \\$aPublished on behalf of Quaternary Research Center.
=540  \\$aBritish Library not licensed to copy$c0$5Uk
=650  \0$aGeology, Stratigraphic$yQuaternary$vPeriodicals.
=650  \0$aGlacial epoch$vPeriodicals.
=650  \6$aStratigraphie$yQuaternaire$vPériodiques.
=650  \6$aÉpoque glaciaire$vPériodiques.
=650  \7$aGeology, Stratigraphic.$2fast$0(OCoLC)fst00940727
=650  \7$aGlacial epoch.$2fast$0(OCoLC)fst00942963
=650  \7$aQuaternary Geologic Period.$2fast$0(OCoLC)fst01354156
=648  \7$aFrom 2 million years ago$2fast
=655  \0$aElectronic journals.
=655  \7$aPeriodicals.$2fast$0(OCoLC)fst01411641
=710  2\$aAmerican Quaternary Association.
=710  2\$aUniversity of Washington.$bQuaternary Research Center.
=776  1\$tQuaternary research$x0033-5894
=859  \\$aELD$bejournal
=856  40$uhttp://www.idealibrary.com$zLogon procedure and access to this title is available via the I.D.E.A.L. (service provider) homepage
=856  40$uhttp://firstsearch.oclc.org$zAddress for accessing the journal using authorization number and password through OCLC FirstSearch Electronic Collections Online
=856  40$uhttp://firstsearch.oclc.org/journal=0033-5894;screen=info;ECOIP$zAddress for accessing the journal from an authorized IP address through OCLC FirstSearch Electronic Collections Online
=856  40$uhttp://www.idealibrary.com/links/toc/qres
=856  40$uhttp://www.sciencedirect.com/science/journal/00335894
=856  40$uhttps://www.cambridge.org/core/journals/quaternary-research
=852  41$aBritish Library$bHMNTS$jELD Digital store$3Volume 81:Issue 1(2014)-
=852  41$aBritish Library$bDSC$j7210.100000$3Volume 39:Issue 1(1993)-Volume 86:Issue 3(2016)***See ESTAR for full holdings.
=945  \\$aQuaternary research -New York London - Academic Press-
=959  \\$fHeld but not currently received
=CAT  \\$aCONV$b00$c20040425$lBLL90$h0713
=CAT  \\$aBATCH-CLA$b00$c20140125$lBLL01$h1258
=CAT  \\$aBATCH-CLA$c20140225$lBLL01$h2320
=CAT  \\$aBLDSS-3PM$b00$c20141222$lBLL01$h1713
=CAT  \\$aBATCH-UPD$b00$c20160610$lBLL01$h0939
=CAT  \\$a10806$b40$c20160728$lBLL01$h1447
=CAT  \\$aBATCH-016$c20160803$lBLL01$h2143
=CAT  \\$a5552$b40$c20161128$lBLL01$h1339
=CAT  \\$aIPL-CLA$c20161230$lBLL01$h2114
=CAT  \\$aBATCH-UPD$b00$c20170104$lBLL01$h0050
=CAT  \\$a8311$b40$c20170107$lBLL01$h0921
=CAT  \\$a10983$b40$c20170215$lBLL01$h1603
=CAT  \\$a8055$b40$c20170317$lBLL01$h1308
=CAT  \\$a10806$b40$c20170426$lBLL01$h1400
=CAT  \\$a8871$b40$c20170426$lBLL01$h1609
=CAT  \\$aW1711-1005$c20171206$lBLL01$h1816
=CAT  \\$aW1902-1304$c20190314$lBLL01$h1239
=CAT  \\$aBATCH-UPD$b00$c20190314$lBLL01$h1617
=CAT  \\$aIPL-CLA$c20190331$lBLL01$h1725
=CAT  \\$aDEL-3PM$c20190409$lBLL01$h0905
=CAT  \\$aBATCH-CLA$b00$c20190621$lBLL01$h1539
=CAT  \\$aIPL-CLA$c20190630$lBLL01$h1532
=CAT  \\$aBATCH-CLA$b00$c20210328$lBLL01$h1300
=CAT  \\$aIPL-CLA$c20210331$lBLL01$h1659
=CAT  \\$aBATCH-CLA$b00$c20221206$lBLL01$h1647
=CAT  \\$aIPL-CLA$c20221231$lBLL01$h1444
=CFI  0\$aBritish Library not licensed to copy$c0$e01-jan-2023$hC$iCFP Excluded$5Uk
=CFI  2\$aPrevious Copyright Fee: GBP22.50$c0$e01-apr-2021$fGBP22.50$g0$hC$5Uk
=EST  \\$a1
=FIN  \\$aY
=LEO  \\$aMP10.0000632151
=LKR  \\$aPAR$b008552148$lBLL01$r776$mQuarternary research (Print)$nQuarternary research (Online)
=MNI  \\$a0033-5894
=SID  \\$aZ39$bOCLC
=SRC  \\$aDSS01$bbibmp10.200404.2.aa
=TCO  \\$aTRS$bCCC$c008
=TOC  \\$aETOC
=ACF  \\$aPrevious copyright fee: GBP19.00$c5\9$e01-jan-2008$fGBP19.00$g0$hP$5Uk
=ACF  \\$aPrevious copyright fee: GBP18.00$c5\9$e01-apr-2004$fGBP18.00$g0$hP$5Uk
=ACF  \\$aCurrent copyright fee: GBP20.00$c5\9$e01-jan-2003$fGBP20.00$g0$hP$5Uk
=ACF  \\$aCurrent copyright fee: GBP22.58$c0$e01-oct-2002$fGBP22.58$g0$hC$5Uk
=ACF  \\$aPrevious copyright fee: GBP20.00$c5\1$e01-jan-2009$fGBP20.00$g0$hP$5Uk
=ACF  \\$aPrevious copyright fee: GBP21.00$c5\1$e01-jan-2012$fGBP21.00$g0$hP$5Uk
=ACF  \\$aPrevious copyright fee: GBP22.50$c5\1$e01-jan-2013$fGBP22.50$g0$hP$5Uk
=ACF  \\$aPrevious copyright fee: GBP25.00$c43\0$e01-jan-2017$fGBP25.00$g0$hP$5Uk
=ACF  \\$aPrevious Copyright Fee: GBP17.50$c0$e01-apr-2019$fGBP17.50$g0$hA$5Uk
=ACF  \\$aPrevious Copyright Fee: GBP10.00$c0$e01-jul-2019$fGBP10.00$g0$hC$5Uk
=LAS  \\$aIPL-CLA$b00$c20221231$lBLL01$h1444

