=LDR  07224cas a2201441 a 4500
=001  012435293
=003  Uk
=005  20230925115332.0
=006  m\\\\\\\\d\\\\\\\\
=007  cr\mnu||||||||
=008  001030c19949999ne\br\pss\\\\\0\\\a0eng\d
=FMT  \\$a  SE
=019  c\$a102532471
=022  \\$a1875-8177$y1022-6583
=035  \\$a(OCoLC)45254653$z(OCoLC)45218264
=037  \\$a???$bKluwer Law International
=040  \\$aF#A$beng$cF#A$dOCLCQ$dOH1$dMUQ$dOCLCQ$dUk
=050  \4$aK27
=082  04$a341.522$222
=130  0\$aWorld trade and arbitration materials (Online)
=222  \0$aWorld trade and arbitration materials
=245  10$aWorld trade and arbitration materials$h[electronic resource].
=246  3\$aWorld trade & arbitration materials
=260  \\$a[Dordrecht] :$bKluwer
=260  3\$a[Alphen aan den Rijn] :$bKluwer Law International
=310  \\$aBimonthly
=336  \\$atext$2rdacontent
=337  \\$acomputer$2rdamedia
=338  \\$aonline resource$2rdacarrier
=362  1\$aPrint began with vol. 6, no. 1 (Jan. 1994).
=595  \\$aSEE ALSO CARD INDEX.
=530  \\$aAlso issued in print.
=588  \\$aDescription based on: Vol. 12, no. 2 (Mar. 2000); title from journal information screen (viewed Oct. 26, 2000).
=588  \\$aLatest issue consulted: Vol. 23, issue 2 (2011) (Kluwer Law Online, viewed Apr. 7, 2011).
=540  \\$aCurrent copyright fee: GBP20.83$c34\0$5Uk
=650  \0$aForeign trade regulation$vPeriodicals.
=650  \0$aTariff$xLaw and legislation$vPeriodicals.
=650  \0$aCommercial policy$vPeriodicals.
=650  \0$aArbitration and award, International$vCases.
=650  \0$aArbitration (International law)$vCases.
=776  1\$tWorld trade and arbitration materials$x1022-6583
=859  \\$aELD$bejournal
=856  40$uhttp://www.kluwerlawonline.com/toc.php?pubcode=WTAM
=856  4\$uhttp://firstsearch.oclc.org$zAddress for accessing the journal using authorization number and password through OCLC FirstSearch Electronic Collections Online
=852  41$aBritish Library$bDSC$j9360.151900$32003 VOL 15 PART 1-Volume 21:Issue 5(2009)***See ESTAR for full holdings.
=852  41$aBritish Library$bHMNTS$jELD Digital store
=945  \\$aWorld trade and arbitration materials
=959  \\$fHeld but not currently received
=963  \\$aCA/U13 VOL. 10, 1998- *A=1$bN
=A02  \\$a102532471
=CAT  \\$aCONV$b00$c20040425$lBLL90$h0713
=CAT  \\$aBATCH-UPD$b00$c20160824$lBLL01$h1835
=CAT  \\$aIPL-CLA$c20160930$lBLL01$h1559
=CAT  \\$aBATCH-UPD$b00$c20170216$lBLL01$h1918
=CAT  \\$aIPL-CLA$c20170331$lBLL01$h1841
=CAT  \\$aBATCH-UPD$b00$c20170904$lBLL01$h1938
=CAT  \\$aIPL-CLA$c20170929$lBLL01$h1725
=CAT  \\$aBATCH-UPD$b00$c20180223$lBLL01$h1814
=CAT  \\$aIPL-CLA$c20180331$lBLL01$h1616
=CAT  \\$aBATCH-UPD$b00$c20180823$lBLL01$h1954
=CAT  \\$aIPL-CLA$c20180930$lBLL01$h1500
=CAT  \\$aBATCH-UPD$b00$c20190829$lBLL01$h1554
=CAT  \\$aIPL-CLA$c20190930$lBLL01$h1635
=CAT  \\$aBATCH-UPD$b00$c20200219$lBLL01$h1535
=CAT  \\$aIPL-CLA$c20200331$lBLL01$h1612
=CAT  \\$aBATCH-UPD$b00$c20200522$lBLL01$h1519
=CAT  \\$aIPL-CLA$c20200701$lBLL01$h0053
=CAT  \\$aBATCH-UPD$b00$c20210226$lBLL01$h1101
=CAT  \\$aIPL-CLA$c20210331$lBLL01$h1659
=CAT  \\$aBATCH-UPD$b00$c20210707$lBLL01$h1624
=CAT  \\$aIPL-CLA$c20210707$lBLL01$h1843
=CAT  \\$aBATCH-UPD$b00$c20220520$lBLL01$h1706
=CAT  \\$aIPL-CLA$c20220630$lBLL01$h1537
=CAT  \\$aBATCH-UPD$b00$c20220824$lBLL01$h0929
=CAT  \\$aIPL-CLA$c20220930$lBLL01$h1426
=CAT  \\$a15020$b40$c20230925$lBLL01$h1153
=CFI  0\$aCurrent copyright fee: GBP20.83$c34\0$e01-oct-2022$fGBP20.83$g0$hP$5Uk
=CFI  2\$aPrevious copyright fee: GBP20.00$c34\0$e01-jul-2022$fGBP20.00$g0$hP$5Uk
=EST  \\$a1
=FIN  \\$aY
=LEO  \\$aMP10.0000632563
=MNI  \\$a1022-6583
=SID  \\$aZ39$bOCLC
=SRC  \\$aDSS01$bbibmp10.200404.2.aa
=TCO  \\$aNLD$bSTICHTING REPRORECHT$c008
=TOC  \\$aETOC
=UNO  \\$aY
=ACF  \\$aPrevious copyright fee: GBP15.63$c34\0$e01-jul-2011$fGBP15.63$g0$hP$5Uk
=ACF  \\$aPrevious copyright fee: GBP16.13$c34\0$e01-jul-2010$fGBP16.13$g0$hP$5Uk
=ACF  \\$aPrevious copyright fee: GBP15.15$c34\0$e01-oct-2009$fGBP15.15$g0$hP$5Uk
=ACF  \\$aPrevious copyright fee: GBP17.86$c34\0$e01-apr-2009$fGBP17.86$g0$hP$5Uk
=ACF  \\$aPrevious copyright fee: GBP15.63$c34\0$e01-jan-2009$fGBP15.63$g0$hP$5Uk
=ACF  \\$aPrevious copyright fee: GBP12.50$c34\0$e01-jul-2007$fGBP12.50$g0$hP$5Uk
=ACF  \\$aPrevious copyright fee: GBP12.82$c34\0$e01-apr-2007$fGBP12.82$g0$hP$5Uk
=ACF  \\$aPrevious copyright fee: GBP13.52$c34\0$e01-oct-2006$fGBP13.52$g0$hP$5Uk
=ACF  \\$aPrevious copyright fee: GBP14.29$c34\0$e01-apr-2006$fGBP14.29$g0$hP$5Uk
=ACF  \\$aPrevious copyright fee: GBP13.89$c34\0$e01-jan-2006$fGBP13.89$g0$hP$5Uk
=ACF  \\$aPrevious copyright fee: GBP13.51$c34\0$e01-apr-2005$fGBP13.51$g0$hP$5Uk
=ACF  \\$aPrevious copyright fee: GBP13.89$c34\0$e01-jan-2005$fGBP13.89$g0$hP$5Uk
=ACF  \\$aPrevious copyright fee: GBP13.51$c34\0$e01-apr-2004$fGBP13.51$g0$hP$5Uk
=ACF  \\$aCurrent copyright fee: GBP14.71$c34\0$e01-jan-2004$fGBP14.71$g0$hP$5Uk
=ACF  \\$aCurrent copyright fee: GBP15.63$c34\0$e02-jan-2003$fGBP15.63$g0$hP$5Uk
=ACF  \\$aPrevious copyright fee: GBP16.13$c34\0$e01-jan-2012$fGBP16.13$g0$hP$5Uk
=ACF  \\$aPrevious copyright fee: GBP15.15$c34\0$e01-jul-2012$fGBP15.15$g0$hP$5Uk
=ACF  \\$aPrevious copyright fee: GBP15.63$c34\0$e01-jan-2013$fGBP15.63$g0$hP$5Uk
=ACF  \\$aPrevious copyright fee: GBP16.13$c34\0$e01-jul-2013$fGBP16.13$g0$hP$5Uk
=ACF  \\$aPrevious copyright fee: GBP15.63$c34\0$e01-jan-2014$fGBP15.63$g0$hP$5Uk
=ACF  \\$aPrevious copyright fee: GBP15.15$c34\0$e01-jul-2014$fGBP15.15$g0$hP$5Uk
=ACF  \\$aPrevious copyright fee: GBP16.13$c34\0$e01-apr-2015$fGBP16.13$g0$hP$5Uk
=ACF  \\$aPrevious copyright fee: GBP16.37$c34\0$e01-jul-2015$fGBP16.37$g0$hP$5Uk
=ACF  \\$aPrevious copyright fee: GBP16.13$c34\0$e01-oct-2015$fGBP16.13$g0$hP$5Uk
=ACF  \\$aPrevious copyright fee: GBP17.24$c34\0$e01-apr-2016$fGBP17.24$g0$hP$5Uk
=ACF  \\$aPrevious copyright fee: GBP18.52$c34\0$e01-oct-2016$fGBP18.52$g0$hP$5Uk
=ACF  \\$aPrevious copyright fee: GBP20.00$c34\0$e01-apr-2017$fGBP20.00$g0$hP$5Uk
=ACF  \\$aPrevious copyright fee: GBP19.23$c34\0$e01-oct-2017$fGBP19.23$g0$hP$5Uk
=ACF  \\$aPrevious copyright fee: GBP17.86$c34\0$e01-apr-2018$fGBP17.86$g0$hP$5Uk
=ACF  \\$aPrevious copyright fee: GBP19.23$c34\0$e01-oct-2018$fGBP19.23$g0$hP$5Uk
=ACF  \\$aPrevious copyright fee: GBP20.00$c34\0$e01-oct-2019$fGBP20.00$g0$hP$5Uk
=ACF  \\$aPrevious copyright fee: GBP19.23$c34\0$e01-apr-2020$fGBP19.23$g0$hP$5Uk
=ACF  \\$aPrevious copyright fee: GBP20.00$c34\0$e01-jul-2020$fGBP20.00$g0$hP$5Uk
=ACF  \\$aPrevious copyright fee: GBP18.52$c34\0$e01-apr-2021$fGBP18.52$g0$hP$5Uk
=ACF  \\$aPrevious copyright fee: GBP17.86$c34\0$e07-jul-2021$fGBP17.86$g0$hP$5Uk
=LAS  \\$a15020$b40$c20230925$lBLL01$h1153

