=LDR  04960cas a2201105 a 4500
=001  012917368
=003  Uk
=005  20221231144529.0
=006  m\\\\\\\\d\\\\\\\\
=007  cr\mnu||||||||
=008  040827c19689999iluqr\pss\o\\\0\\\a0eng\d
=FMT  \\$a  SE
=010  \\$a2005237212
=015  \\$aGBA872310$2bnb
=022  0\$a1744-1684$y0032-3497
=035  \\$a(OCoLC)56364330
=037  \\$a???$bSpringer
=040  \\$aJNA$cJNA$dOCLCQ$dOCL$dOCLCS$dOCL$dEYM$dHUL$dOCL$dUQ1$dUk
=042  \\$aukblsr
=050  14$aJA3
=082  04$a320.05$223
=130  0\$aPolity (Online)
=222  \0$aPolity$b(Online)
=245  10$aPolity$h[electronic resource].
=260  \\$aAmherst, Mass. :$bUniversity of Massachusetts Press,$c1968-
=260  2\$32005-$aBasingstoke :$bPalgave Macmillan
=264  31$32017-$aChicago, Il :$bUniversity of Chicago Press
=310  \\$aQuarterly
=336  \\$atext$2rdacontent
=337  \\$acomputer$2rdamedia
=338  \\$aonline resource$2rdacarrier
=362  0\$aVol. 1, no. 1 (fall 1968)-
=500  \\$aTitle from title screen (JSTOR, viewed Aug. 10, 2005).
=500  \\$aImprint varies; published by: Northeastern Political Science Association, fall 1971-2004; published: Houndmills, Basingstoke, Hampshire : Palgrave Macmillan, 2005-
=588  \\$aLatest issue consulted: volume 52, number 4 (July 2020) (University of Chicago Press website, viewed September 21, 2020).
=530  \\$aAlso issued in print.
=538  \\$aMode of access: World Wide Web.
=550  \\$aJournal of the Northeastern Political Science Association.
=540  \\$aCurrent Copyright Fee: GBP25.00$c0$5Uk
=650  \0$aPolitical science$vPeriodicals.
=776  0\$tPolity$x0032-3497
=710  2\$aNortheastern Political Science Association.
=776  1\$tPolity$x0032-3497
=859  \\$aELD$bejournal
=856  40$uhttp://firstsearch.oclc.org$zAddress for accessing the journal using authorization number and password through OCLC FirstSearch Electronic Collections Online
=856  40$uhttp://firstsearch.oclc.org/journal=0032-3497;screen=info;ECOIP$zAddress for accessing the journal from an authorized IP address through OCLC FirstSearch Electronic Collections Online
=856  40$uhttp://www.jstor.org/journals/00323497.html
=856  40$uhttp://www.palgrave-journals.com/polity/index.html
=856  40$uhttp://www.palgrave-journals.com/polity/journal/yearlist.html
=856  40$uhttps://www.journals.uchicago.edu/toc/pol/current
=852  41$aBritish Library$bDSC$j6544.155000$3Volume 40:Issue 1(2008)-Volume 43:Issue 4(2011)***See ESTAR for full holdings.
=852  41$aBritish Library$bHMNTS$jELD Digital store$3Volume 48:Issue 4(2016)***Previous issues available in print copy
=945  \\$aPolity
=959  \\$fHeld but not currently received
=985  \\$aISSN responsibility transferred from UK to U.S. (16/09/19)
=CAT  \\$a11316$b40$c20040514$lTMP01$h1401
=CAT  \\$aISSN$b40$c20080814$lBLL01$h1211
=CAT  \\$aBATCH-UPD$b40$c20100818$lBLL01$h1552
=CAT  \\$aIPL-CLA$c20100930$lBLL01$h1526
=CAT  \\$aCDS12-UPD$b40$c20111212$lBLL01$h1841
=CAT  \\$aWR12_168$c20121206$lBLL01$h1815
=CAT  \\$aWR14_140$c20140905$lBLL01$h1805
=CAT  \\$aBLDSS-3PM$b00$c20160620$lBLL01$h1456
=CAT  \\$aBATCH-UPD$b00$c20160620$lBLL01$h1457
=CAT  \\$a5552$b40$c20161201$lBLL01$h1045
=CAT  \\$aIPL-CLA$c20161230$lBLL01$h2124
=CAT  \\$aDEL-3PM$c20170105$lBLL01$h1153
=CAT  \\$aBATCH-CLA$b00$c20171222$lBLL01$h2123
=CAT  \\$aIPL-CLA$c20171231$lBLL01$h1631
=CAT  \\$a11450$b40$c20190829$lBLL01$h1348
=CAT  \\$a10806$b40$c20190905$lBLL01$h1300
=CAT  \\$a10806$b40$c20190909$lBLL01$h1426
=CAT  \\$a10806$b40$c20190916$lBLL01$h1341
=CAT  \\$aBATCH-CLA$b00$c20191219$lBLL01$h1731
=CAT  \\$aIPL-CLA$c20191231$lBLL01$h1927
=CAT  \\$aR2001-1524$c20200127$lBLL01$h2004
=CAT  \\$a8483$b40$c20200921$lBLL01$h0951
=CAT  \\$aBATCH-CLA$b00$c20201204$lBLL01$h1531
=CAT  \\$aIPL-CLA$c20201231$lBLL01$h1528
=CAT  \\$aBATCH-CLA$b00$c20221221$lBLL01$h1839
=CAT  \\$aIPL-CLA$c20221231$lBLL01$h1445
=CFI  0\$aCurrent Copyright Fee: GBP25.00$c0$e01-jan-2023$fGBP25.00$g0$hA$5Uk
=CFI  2\$aPrevious Copyright Fee: GBP22.50$c0$e01-jan-2021$fGBP22.50$g0$hA$5Uk
=EST  \\$a1
=FIN  \\$aY$d20060316
=MNI  \\$a0032-3497
=SID  \\$aZ39$bOCLC
=TCO  \\$aCLA$bCLA$c008
=TOC  \\$aETOC
=ACF  \\$aPrevious Copyright Fee: GBP17.50$c39\0$e24-jul-2008$fGBP17.50$g0$hP$5Uk
=ACF  \\$aPrevious copyright fee: GBP22.00$c39\0$e01-oct-2010$fGBP22.00$g0$hP$5Uk
=ACF  \\$aPrevious copyright fee: GBP15.00$c0$e01-jan-2017$fGBP15.00$g0$hA$5Uk
=ACF  \\$aPrevious Copyright Fee: GBP17.50$c0$e01-jan-2018$fGBP17.50$g0$hA$5Uk
=ACF  \\$aPrevious Copyright Fee: GBP20.00$c0$e01-jan-2020$fGBP20.00$g0$hA$5Uk
=LAS  \\$aIPL-CLA$b00$c20221231$lBLL01$h1445

