=LDR  05753cas a2201237 a 4500
=001  013133606
=003  Uk
=005  20221231144612.0
=006  m\\\\\o\\d\\\\\\\\
=007  cr\mnu||||||||
=008  040830c20059999enktr\pso\\\\\0\\\a0eng\d
=FMT  \\$a  SE
=015  \\$aGBB348886$2bnb
=022  0\$a1740-8784$l1740-8776$y1740-8776$202
=035  \\$a(OCoLC)56392067
=037  \\$aISSN_17408776$bPortico$nWiley
=037  3\$aISSN_17408784$bPortico$nCambridge University Press
=040  \\$aF#A$cF#A$dOCLCQ$dOCLCS$dCO3$dOCLCQ$dVPI$dUk
=042  \\$aissnuk$aukblsr
=043  \\$aa-cc---
=050  00$aHD70.C5$bM35
=082  04$a658.00951$223
=130  0\$aManagement and organization review (Online)
=222  \0$aManagement and organization review$b(Online)
=245  10$aManagement and organization review$h[electronic resource] :$bthe journal of the International Association for Chinese Management Research.
=246  30$aJournal of the International Association for Chinese Management Research
=246  13$aMOR
=260  \\$a[Oxford] :$bBlackwell
=260  2\$32007-$a[Oxford :$bWiley-Blackwell]
=264  31$32015-$a[Cambridge] :$bCambridge University Press
=310  \\$aThree issues yearly
=336  \\$atext$2rdacontent
=337  \\$acomputer$2rdamedia
=338  \\$aonline resource$2rdacarrier
=362  0\$aVol. 1, no. 1 (Mar. 2005)-
=500  \\$aSome issues also translated into Chinese.
=500  \\$aEditor: Anne S. Tsui.
=500  \\$aTitle from journal information screen (FirstSearch, viewed July 21, 2004).
=588  \\$aLatest issue consulted: volume 11, issue 01 (March 2015) (Cambridge Journals, viewed April 19, 2015).
=540  \\$aBritish Library not licensed to copy$c0$5Uk
=650  \0$aManagement$zChina$vPeriodicals.
=650  \0$aIndustrial management$zChina$vPeriodicals.
=650  \0$aInternational business enterprises$xManagement$vPeriodicals.
=650  \0$aManagement$vPeriodicals.
=650  \0$aOrganizational sociology$vPeriodicals.
=690  7\$aManagement and Business Studies$2blcoll
=700  1\$aTsui, Anne S.
=710  2\$aInternational Association for Chinese Management Research.
=710  2\$aBeijing da xue.
=776  08$iPrint version:$tManagement and organization review$x1740-8776
=859  \\$aELD$bejournal
=856  4\$uhttp://firstsearch.oclc.org$zAddress for accessing the journal using authorization number and password through OCLC FirstSearch Electronic Collections Online
=856  40$uhttp://www.blackwell-synergy.com/issuelist.asp?journal=MORE
=856  40$uhttp://www.blackwell-synergy.com/loi/more
=852  \\$aBritish Library$bDSC$j5359.008940$3Volume 1:Issue 1(2005)-Volume 7:Issue 3(2011)***See ESTAR for full holdings.
=852  41$aBritish Library$bHMNTS$jELD Digital store$3Volume 9:Number 1(2013:Mar.)-***Previous issues available in print copy
=945  \\$aManagement and organization review
=959  \\$fHeld but not currently received
=CAT  \\$a7174$b40$c20050311$lBLL01$h1613
=CAT  \\$aWR14_009$c20140204$lBLL01$h2343
=CAT  \\$aBATCH-CLA$b00$c20140228$lBLL01$h1619
=CAT  \\$aIPL-CLA$c20140331$lBLL01$h1627
=CAT  \\$a11317$b40$c20150107$lBLL01$h1442
=CAT  \\$a11317$b40$c20150120$lBLL01$h0838
=CAT  \\$a3072$b40$c20150409$lBLL01$h1655
=CAT  \\$aBATCH-CLA$b00$c20150828$lBLL01$h1543
=CAT  \\$aIPL-CLA$c20150930$lBLL01$h1807
=CAT  \\$a5552$b40$c20160526$lBLL01$h1212
=CAT  \\$aIPL-CLA$c20160630$lBLL01$h1605
=CAT  \\$aBATCH-UPD$b00$c20160705$lBLL01$h2158
=CAT  \\$aBLDSS-3PM$b00$c20160707$lBLL01$h1648
=CAT  \\$aBATCH-UPD$b00$c20160707$lBLL01$h1652
=CAT  \\$aW1711-1005$c20171206$lBLL01$h1817
=CAT  \\$a11033$b40$c20180222$lBLL01$h1618
=CAT  \\$aW1902-1304$c20190314$lBLL01$h1239
=CAT  \\$aBATCH-UPD$b00$c20190314$lBLL01$h1618
=CAT  \\$aIPL-CLA$c20190331$lBLL01$h1726
=CAT  \\$aDEL-3PM$c20190409$lBLL01$h0905
=CAT  \\$aBATCH-CLA$b00$c20190621$lBLL01$h1543
=CAT  \\$aIPL-CLA$c20190630$lBLL01$h1534
=CAT  \\$aBATCH-CLA$b00$c20210328$lBLL01$h1328
=CAT  \\$aIPL-CLA$c20210331$lBLL01$h1700
=CAT  \\$aBATCH-CLA$b00$c20221206$lBLL01$h1802
=CAT  \\$aIPL-CLA$c20221231$lBLL01$h1446
=CFI  0\$aBritish Library not licensed to copy$c0$e01-jan-2023$hC$iCFP Excluded$5Uk
=CFI  2\$aPrevious Copyright Fee: GBP22.50$c0$e01-apr-2021$fGBP22.50$g0$hC$5Uk
=EST  \\$a1
=FIN  \\$aY$d20120509
=MNI  \\$a1740-8776
=SID  \\$aZ39$bOCLC
=TCO  \\$aTRS$bCCC$c008
=TOC  \\$aETOC
=ACF  \\$aPrevious copyright fee: GBP10.50$c0$e01-jan-2011$fGBP10.50$g0$hA$5Uk
=ACF  \\$aCurrent copyright fee: GBP22.00$c10\0$e01-jan-2006$fGBP22.00$g0$hP$5Uk
=ACF  \\$aBritish Library not licensed to copy$c0$e01-oct-2005$hC$iCLA Excluded$5Uk
=ACF  \\$aPrevious copyright fee: GBP15.00$c10\0$e11-mar-2005$fGBP15.00$g0$hP$5Uk
=ACF  \\$aPrevious Copyright Fee: GBP22.00$c0$e01-jul-2012$fGBP22.00$g0$hC$5Uk
=ACF  \\$aPrevious copyright fee: GBP12.00$c0$e01-jan-2012$fGBP12.00$g0$hA$5Uk
=ACF  \\$aPrevious Copyright Fee: GBP12.00$c0$e01-jan-2013$fGBP12.00$g0$hC$5Uk
=ACF  \\$aPrevious Copyright Fee: GBP22.60$c0$e01-jan-2014$fGBP22.60$g0$hC$5Uk
=ACF  \\$aPrevious Copyright Fee: GBP22.00$c0$e01-apr-2014$fGBP22.00$g0$hC$5Uk
=ACF  \\$aPrevious Copyright Fee: GBP10.00$c0$e01-oct-2015$fGBP10.00$g0$hC$5Uk
=ACF  \\$aPrevious Copyright Fee: GBP25.00$c43\0$e01-jul-2016$fGBP25.00$g0$hP$5Uk
=ACF  \\$aPrevious Copyright Fee: GBP17.50$c0$e01-apr-2019$fGBP17.50$g0$hA$5Uk
=ACF  \\$aPrevious Copyright Fee: GBP10.00$c0$e01-jul-2019$fGBP10.00$g0$hC$5Uk
=LAS  \\$aIPL-CLA$b00$c20221231$lBLL01$h1446

