=LDR  05884cas a2201249 a 4500
=001  013177562
=003  Uk
=005  20230517132638.0
=006  m\\\\\\\\d\\\\\\\\
=007  cr\mnu||||||||
=008  011106c19509999enkqr\pss\\\\\0\\\a0eng\c
=FMT  \\$a  SE
=010  \\$a  2010250606
=015  \\$aGBB350929$2bnb
=022  0\$a1600-0498$y0008-8994
=035  \\$a(OCoLC)48369634
=037  \\$aISSN_00088994$bPortico$nWiley
=040  \\$aOCoLC$cOCoLC$dOCoLC$dIaAS$dCaQMU$dOCoLC$dCaQMUQ$dZ5A$dMiEM$dCoB$dNBuU$dOCoLC$dCLU$dOCoLC$dUk
=041  0\$aeng$afre$ager
=042  \\$aukblsr
=050  00$aQ1$bC4
=060  00$aW1$bCE181
=082  04$a509$223
=130  0\$aCentaurus (Online)
=222  \0$aCentaurus$b(Online)
=245  10$aCentaurus$h[electronic resource].
=260  \\$a[Copenhagen] :$bMunksgaard
=260  2\$3<2002>-Feb. 2009$a[Copenhagen] :$bBlackwell Munksgaard
=260  2\$3May 2009-2021$a[Oxford] :$bWiley-Blackwell
=264  31$32022-$a[Turnhout, Belgium] :$bBrepols
=310  \\$aQuarterly
=336  \\$atext$2rdacontent
=337  \\$acomputer$2rdamedia
=338  \\$aonline resource$2rdacarrier
=362  1\$aPrint began with vol. 1, no. 1, published in 1950.
=520  \\$aOriginal articles and reviews on the history of mathematics, science and technology.
=538  \\$aMaster and use copy. Digital master created according to Benchmark for Faithful Digital Reproductions of Monographs and Serials, Version 1. Digital Library Federation, December 2002.$uhttp://purl.oclc.org/DLF/benchrepro0212$5MiAaHDL
=546  \\$aEnglish, French, and German.
=550  \\$aOfficial journal of: European Society for the History of Science, 2007-
=588  \\$aDescription based on print version record.
=588  \\$aLatest issue consulted: volume 64, issue 1 (June 2022) (PDF caption, Brepols website, viewed January 26, 2023).
=540  \\$aCurrent copyright fee: GBP32.00$c0$5Uk
=650  \0$aScience$xHistory$vPeriodicals.
=710  2\$aEuropean Society for the History of Science.
=776  08$iPrint version:$tCentaurus$x0008-8994
=859  \\$aELD$bejournal
=856  4\$uhttp://firstsearch.oclc.org$zAddress for accessing the journal using authorization number and password through OCLC FirstSearch Electronic Collections Online
=856  40$uhttp://onlinelibrary.wiley.com/journal/10.1111/(ISSN)1600-0498
=856  40$uhttp://www.blackwellpublishing.com/journal.asp?ref=0008-8994&site=1
=856  40$uhttp://www.ingenta.com/journals/browse/mksg/cnt?mode=direct
=856  40$uhttp://www3.interscience.wiley.com/journal/117996104/home
=856  40$uhttps://www.brepolsonline.net/loi/cnt
=852  \\$aBritish Library$bDSC$j3104.000000$3Volume 46:Issue 3(2004)-Volume 53:Issue 4(2011)***See ESTAR for full holdings.
=852  41$aBritish Library$bHMNTS$jELD Digital store$3Volume 55:Number 1(2013)-Volume 63:Number 4(2021)***Previous issues available in print copy
=945  \\$aCENTAURUS
=959  \\$fHeld but not currently received
=985  \\$aResponsibility for ISSN taken by ISSN UK from ISSN Denmark, 18.05.07.
=985  \\$aISSN responsibility transferred to U.S. ISSN Center from ISSN UK Centre, Wiley, Multinational Publisher List, Summer 2017
=CAT  \\$a7174$b40$c20050415$lBLL01$h1440
=CAT  \\$aWR14_009$c20140204$lBLL01$h2341
=CAT  \\$aBATCH-CLA$c20140225$lBLL01$h2324
=CAT  \\$aBLDSS-3PM$b00$c20141214$lBLL01$h1522
=CAT  \\$aBATCH-UPD$b00$c20150215$lBLL01$h1625
=CAT  \\$aIPL-CLA$c20150228$lBLL01$h2048
=CAT  \\$aBATCH-UPD$b00$c20160531$lBLL01$h1800
=CAT  \\$aW1703-0316$c20170306$lBLL01$h1824
=CAT  \\$aW1703-0316$c20170307$lBLL01$h1648
=CAT  \\$aIPL-CLA$c20170307$lBLL01$h1824
=CAT  \\$a10806$b40$c20170720$lBLL01$h0914
=CAT  \\$aW1711-1005$c20171206$lBLL01$h1817
=CAT  \\$aBATCH-UPD$b00$c20180219$lBLL01$h1746
=CAT  \\$aBATCH-UPD$b00$c20181121$lBLL01$h1621
=CAT  \\$aIPL-CLA$c20181231$lBLL01$h1542
=CAT  \\$aR1911-0245$c20191127$lBLL01$h0823
=CAT  \\$aR1911-0245$c20191127$lBLL01$h1045
=CAT  \\$aIPL-CLA$c20191231$lBLL01$h1932
=CAT  \\$a12654$b40$c20211025$lBLL01$h1106
=CAT  \\$aIPL-CLA$c20211231$lBLL01$h1543
=CAT  \\$aDEL-3PM$c20220105$lBLL01$h1525
=CAT  \\$a12654$b40$c20220328$lBLL01$h0735
=CAT  \\$a12654$b40$c20220629$lBLL01$h0819
=CAT  \\$a10969$b40$c20230126$lBLL01$h1739
=CAT  \\$a12654$b40$c20230206$lBLL01$h0818
=CAT  \\$a12654$b40$c20230206$lBLL01$h0820
=CAT  \\$aBATCH-FIX$c20230511$lBLL01$h1628
=CAT  \\$a12654$b40$c20230517$lBLL01$h1326
=CFI  0\$aCurrent copyright fee: GBP32.00$c0$e17-may-2023$fGBP32.00$g0$hC$5Uk
=CFI  2\$aBritish Library not licensed to copy$c0$e06-feb-2023$g0$hC$iTX$5Uk
=CFI  2\$aPrevious Copyright Fee: GBP32.00$c0$e29-jun-2022$fGBP32.00$g0$hC$5Uk
=EST  \\$a1
=FIN  \\$aY$d20120606
=MNI  \\$a0008-8994
=SRC  \\$aBLL02
=TCO  \\$aZZZ$c008
=TCO  \\$aCLA$bCLA$c008
=TOC  \\$aETOC
=UNO  \\$aY
=ACF  \\$aPrevious Copyright Fee: GBP22.50$c0$e01-jan-2022$fGBP22.50$g0$hA$5Uk
=ACF  \\$aPrevious Copyright Fee: GBP32.00$c35\0$e01-jan-2020$fGBP32.00$g0$hP$5Uk
=ACF  \\$aPrevious copyright fee: GBP16.00$c10\0$e01-jan-2006$fGBP16.00$g0$hP$5Uk
=ACF  \\$aPrevious copyright fee: GBP15.00$c10\0$e01-apr-2004$fGBP15.00$g0$hP$5Uk
=ACF  \\$aPrevious copyright fee: GBP17.00$c10\0$e01-jan-2009$fGBP17.00$g0$hP$5Uk
=ACF  \\$aPrevious copyright fee: GBP22.00$c10\0$e01-jan-2011$fGBP22.00$g0$hP$5Uk
=ACF  \\$aPrevious copyright fee: GBP24.00$c10\0$e01-mar-2015$fGBP24.00$g0$hP$5Uk
=ACF  \\$aPrevious copyright fee: GBP24.00$c35\0$e07-mar-2017$fGBP24.00$g0$hP$5Uk
=ACF  \\$aPrevious copyright fee: GBP28.00$c35\0$e01-jan-2019$fGBP28.00$g0$hP$5Uk
=LAS  \\$a12654$b40$c20230517$lBLL01$h1326

