=LDR  05620cas a2201261 a 4500
=001  013179393
=003  Uk
=005  20230515090614.0
=006  m\\\\\\\\d\\\\\\\\
=007  cr\cnu||||||||
=008  020212c19939999njuqr\pss\\\\\0\\\a0eng\d
=FMT  \\$a  SE
=010  \\$a2001214451
=022  \\$a1533-1598$y1524-2226
=035  \\$a(OCoLC)48983636
=037  \\$aISSN_15242226$bPortico$nWiley
=040  \\$aF#A$cF#A$dOCLCQ$dNSD$dOCLCQ$dKSU$dUk
=042  \\$aukblsr$ansdp
=050  14$aML3469$b.J68
=082  04$a781.6305$223
=130  0\$aJournal of popular music studies (Online)
=210  0\$aJ. pop. music stud.$b(Online)
=222  \0$aJournal of popular music studies$b(Online)
=245  10$aJournal of popular music studies$h[electronic resource].
=246  30$aJPMS
=260  \\$aIowa City :$bU.S. Branch of the International Association for the Study of Popular Music
=260  2\$a[Philadelphia, PA] :$bTaylor & Francis
=260  2\$a[Malden :$bBlackwell]
=260  3\$a[Hoboken] :$bWiley Periodicals
=310  \\$aQuarterly,$b2007-
=321  \\$aThree issues yearly,$b2004-2006
=321  \\$aSemiannual,$b2001-2003
=321  \\$aBiennial,$b1999
=321  \\$aAnnual,$b1993-1997
=336  \\$atext$2rdacontent
=337  \\$acomputer$2rdamedia
=338  \\$aonline resource$2rdacarrier
=362  1\$aPrint began with vol. 5 (1993).
=580  \\$aIncludes issues of earlier title: Tracking.
=588  \\$aTitle from journal information screen (viewed Feb. 11, 2002).
=588  \\$aLatest issue consulted: Vol. 24, issue 1 (Mar. 2012) (Wiley Online Library, viewed June 6, 2012).
=530  \\$aAlso issued in print.
=550  \\$aJournal of the U.S. branch of the International Association for the Study of Popular Music.
=540  \\$aCurrent copyright fee: GBP25.00$c0$5Uk
=650  \0$aPopular music$xHistory and criticism$vPeriodicals.
=650  \0$aPopular music$vPeriodicals.
=710  2\$aInternational Association for the Study of Popular Music.$bU.S. Branch.
=776  1\$tJournal of popular music studies$x1524-2226
=780  10$tTracking (Online)
=859  \\$aELD$bejournal
=856  4\$uhttp://firstsearch.oclc.org$zAddress for accessing the journal using authorization number and password through OCLC FirstSearch Electronic Collections Online
=856  40$uhttp://onlinelibrary.wiley.com/journal/10.1111/(ISSN)1533-1598
=856  40$uhttp://www.blackwell-synergy.com/openurl?genre=journal&issn=1524-2226
=856  40$uhttp://www.iaspm-us.net/publications/index.html
=852  41$aBritish Library$bHMNTS$jELD Digital store$3Volume 25:Issue 1(2013)-Volume 29:Issue 4(2017)
=852  \\$aBritish Library$bDSC$j5041.142600$3Volume 9/10:Issue 1(1997)-Volume 26:Issue 4(2014)***See ESTAR for full holdings.
=945  \\$aJournal of popular music studies
=959  \\$fHeld but not currently received
=CAT  \\$a7174$b40$c20050419$lBLL01$h1700
=CAT  \\$a8323$b40$c20120606$lBLL01$h1412
=CAT  \\$aBATCH-CLA$b00$c20121109$lBLL01$h1729
=CAT  \\$a8483$b40$c20130524$lBLL01$h1117
=CAT  \\$aBATCH-CLA$b00$c20130526$lBLL01$h1616
=CAT  \\$aWR13.114$c20130717$lBLL01$h1313
=CAT  \\$aBATCH-PORT$c20130829$lBLL01$h1114
=CAT  \\$aBATCH-CLA$b00$c20140125$lBLL01$h1248
=CAT  \\$aWR14_009$c20140204$lBLL01$h2343
=CAT  \\$aBATCH-CLA$c20140225$lBLL01$h2324
=CAT  \\$aBLDSS-3PM$b00$c20141214$lBLL01$h1522
=CAT  \\$aBATCH-UPD$b00$c20150215$lBLL01$h1625
=CAT  \\$aIPL-CLA$c20150228$lBLL01$h2048
=CAT  \\$aCDS15-UPD$b40$c20150918$lBLL01$h1639
=CAT  \\$aBATCH-UPD$b40$c20160627$lBLL01$h0008
=CAT  \\$aW1703-0316$c20170306$lBLL01$h1824
=CAT  \\$aW1703-0316$c20170307$lBLL01$h1648
=CAT  \\$aIPL-CLA$c20170307$lBLL01$h1824
=CAT  \\$aW1711-1005$c20171206$lBLL01$h1817
=CAT  \\$aBATCH-UPD$b00$c20180219$lBLL01$h1746
=CAT  \\$aBATCH-UPD$b00$c20181121$lBLL01$h1621
=CAT  \\$aIPL-CLA$c20181231$lBLL01$h1542
=CAT  \\$aBATCH-UPD$b00$c20200219$lBLL01$h1541
=CAT  \\$aIPL-CLA$c20200331$lBLL01$h1614
=CAT  \\$a12654$b40$c20220506$lBLL01$h1403
=CAT  \\$aDEL-3PM$c20220509$lBLL01$h1000
=CAT  \\$aBATCH-FIX$c20230511$lBLL01$h1628
=CAT  \\$a12654$b40$c20230515$lBLL01$h0905
=CAT  \\$a12654$b40$c20230515$lBLL01$h0906
=CFI  0\$aCurrent copyright fee: GBP25.00$c0$e15-may-2023$fGBP25.00$g0$hC$5Uk
=CFI  2\$aBritish Library not licensed to copy$c0$e06-may-2022$hC$iTX$5Uk
=CFI  2\$aPrevious Copyright fee: GBP32.00$c35\0$e01-apr-2020$fGBP32.00$g0$hP$5Uk
=EST  \\$a1
=FIN  \\$aY$d20120606
=LET  \0$aJournal of popular music studies (Electronic)
=LKR  \\$aPAR$b005478744$lBLL01$r776$mJournal of popular music studies (Online)$nJournal of popular music studies (Print)
=MNI  \\$a1524-2226
=SID  \\$aZ39$bOCLC
=TCO  \\$aZZZ$c008
=TCO  \\$aCLA$bCLA$c008
=TOC  \\$aETOC
=UNO  \\$aY
=ACF  \\$aPrevious copyright fee: GBP28.00$c35\0$e01-jan-2019$fGBP28.00$g0$hP$5Uk
=ACF  \\$aPrevious copyright fee: GBP16.00$c10\0$e01-jan-2006$fGBP16.00$g0$hP$5Uk
=ACF  \\$aPrevious copyright fee: GBP15.00$c10\0$e01-apr-2004$fGBP15.00$g0$hP$5Uk
=ACF  \\$aPrevious copyright fee: GBP17.00$c10\0$e01-jan-2009$fGBP17.00$g0$hP$5Uk
=ACF  \\$aPrevious copyright fee: GBP22.00$c10\0$e01-jan-2011$fGBP22.00$g0$hP$5Uk
=ACF  \\$aPrevious copyright fee: GBP24.00$c10\0$e01-mar-2015$fGBP24.00$g0$hP$5Uk
=ACF  \\$aPrevious copyright fee: GBP24.00$c35\0$e07-mar-2017$fGBP24.00$g0$hP$5Uk
=LAS  \\$a12654$b40$c20230515$lBLL01$h0906

