=LDR  05234cas a2201153 a 4500
=001  013363968
=003  Uk
=005  20230405084925.0
=006  m\\\\\\\\u\\\\\\\\
=007  cr\|||||||||||
=008  011019d19662022enkar\\so\\\\\0\\\a0eng\d
=FMT  \\$a  SE
=015  \\$aGBA607423$2bnb
=022  0\$a1476-4997
=037  \\$aISSN_04597230$bPortico$nTaylor & Francis
=040  \\$aIWA$cIWA$dOCLCQ$dUk
=042  \\$aukblsr
=050  \4$aU162$b.S77
=082  04$a355.4$222
=130  0\$aStrategic survey (Online)
=222  \0$aStrategic survey$b(Online)
=245  10$aStrategic survey$h[electronic resource].
=260  \\$a[Oxford, UK] :$bPublished by Oxford University Press on behalf of International Institute for Strategic Studies$c-2022.
=264  31$a[Abingdon] :$bRoutledge
=310  \\$aAnnual
=336  \\$atext$2rdacontent
=337  \\$acomputer$2rdamedia
=338  \\$aonline resource$2rdacarrier
=362  1\$aPrint began in 1966 ; ceased with volume 122, issue 1 (2022)
=530  \\$aAlso issued in print.
=538  \\$aMode of access: World Wide Web.
=588  \\$aDescription based on: 2000/2001; title from contents page (viewed Oct. 19, 2001).
=588  \\$aLatest issue consulted: volume 122, issue 1 (2022)(Taylor & Francis Online, viewed April 5, 2023).
=540  \\$aCurrent copyright fee: GBP25.00$c0$5Uk
=650  \0$aStrategy$vPeriodicals.
=650  \0$aWorld politics$vPeriodicals.
=710  2\$aInternational Institute for Strategic Studies.
=776  1\$tStrategic survey$x0459-7230
=859  \\$aELD$bejournal
=856  40$uhttp://www3.oup.co.uk/stsurv/$zLink no longer valid
=856  40$uhttp://www.tandfonline.com/toc/tssu20/current
=852  41$aBritish Library$bHMNTS$jELD Digital store$3Volume 116(2016)-Volume 122(2022)
=852  41$aBritish Library$bDSC$j8474.032000$3Volume 105(2005)-Volume 114(2014)***See ESTAR for full holdings.
=945  \\$aStrategic survey -London-
=959  \\$fHeld but not currently received
=979  \\$aBritish Library$bDSC$j8474.032000
=985  \\$aISSN responsibility transferred from ISSN UK Centre to U.S. ISSN Center Taylor & Francis, Multinational Publisher List, Summer 2016
=CAT  \\$a3072$b40$c20051219$lBLL01$h1222
=CAT  \\$aIPL-CLA$c20151231$lBLL01$h1923
=CAT  \\$a14448$b40$c20160130$lBLL01$h0959
=CAT  \\$a11316$b40$c20160304$lBLL01$h1124
=CAT  \\$a11316$b40$c20160304$lBLL01$h1125
=CAT  \\$a11316$b40$c20160304$lBLL01$h1126
=CAT  \\$aBATCH-UPD$b40$c20160712$lBLL01$h1152
=CAT  \\$aW1607-0553$c20160818$lBLL01$h0910
=CAT  \\$aW1607-0553$c20160818$lBLL01$h0915
=CAT  \\$aBATCH-UPD$b00$c20161122$lBLL01$h1512
=CAT  \\$aIPL-CLA$c20161230$lBLL01$h2150
=CAT  \\$aBATCH-UPD$b00$c20171121$lBLL01$h1647
=CAT  \\$aW1711-1005$c20171206$lBLL01$h1819
=CAT  \\$aIPL-CLA$c20171231$lBLL01$h1650
=CAT  \\$aBATCH-UPD$b00$c20181217$lBLL01$h1638
=CAT  \\$aIPL-CLA$c20181231$lBLL01$h1543
=CAT  \\$aBATCH-UPD$b00$c20191122$lBLL01$h1900
=CAT  \\$aIPL-CLA$c20191231$lBLL01$h1937
=CAT  \\$a5410$b40$c20200212$lBLL01$h0923
=CAT  \\$aBATCH-UPD$b40$c20201118$lBLL01$h1334
=CAT  \\$aIPL-CLA$c20201231$lBLL01$h1529
=CAT  \\$a5410$b40$c20221022$lBLL01$h1228
=CAT  \\$aBATCH-UPD$b40$c20221121$lBLL01$h1347
=CAT  \\$a8055$b40$c20221222$lBLL01$h1554
=CAT  \\$aIPL-CLA$c20221231$lBLL01$h1447
=CAT  \\$aDEL-3PM$c20230116$lBLL01$h0957
=CAT  \\$a8124$b40$c20230405$lBLL01$h0849
=CFI  0\$aCurrent copyright fee: GBP25.00$c0$e01-jan-2023$fGBP25.00$g0$hA$5Uk
=CFI  2\$aPrevious copyright fee: GBP35.00$c2\0$e01-jan-2021$fGBP35.00$g0$hP$5Uk
=EST  \\$a1
=FIN  \\$aY$d20051219
=LET  \0$aStrategic survey (Electronic)
=MNI  \\$a0459-7230
=SID  \\$aZ39$bOCLC
=TCO  \\$aCLA$bCLA$c008
=TOC  \\$aETOC
=ACF  \\$aPrevious copyright fee: GBP17.00$c2\0$e01-jan-2010$fGBP17.00$g0$hP$5Uk
=ACF  \\$aPrevious copyright fee: GBP16.00$c2\0$e01-jan-2009$fGBP16.00$g0$hP$5Uk
=ACF  \\$aPrevious copyright fee: GBP15.00$c2\0$e01-apr-2008$fGBP15.00$g0$hP$5Uk
=ACF  \\$aPrevious copyright fee: GBP16.00$c2\0$e01-jan-2007$fGBP16.00$g0$hP$5Uk
=ACF  \\$aPrevious copyright fee: GBP13.00$c2\0$e01-jan-2005$fGBP13.00$g0$hP$5Uk
=ACF  \\$aPrevious copyright fee: GBP21.00$c2\0$e01-jan-2011$fGBP21.00$g0$hP$5Uk
=ACF  \\$aPrevious copyright fee: GBP23.00$c2\0$e01-jan-2012$fGBP23.00$g0$hP$5Uk
=ACF  \\$aPrevious copyright fee: GBP23.50$c2\0$e01-jan-2013$fGBP23.50$g0$hP$5Uk
=ACF  \\$aPrevious copyright fee: GBP24.00$c2\0$e01-jan-2014$fGBP24.00$g0$hP$5Uk
=ACF  \\$aPrevious copyright fee: GBP25.00$c2\0$e01-jan-2015$fGBP25.00$g0$hP$5Uk
=ACF  \\$aPrevious copyright fee: GBP26.00$c2\0$e01-jan-2016$fGBP26.00$g0$hP$5Uk
=ACF  \\$aPrevious copyright fee: GBP28.00$c2\0$e01-jan-2017$fGBP28.00$g0$hP$5Uk
=ACF  \\$aPrevious copyright fee: GBP30.00$c2\0$e01-jan-2018$fGBP30.00$g0$hP$5Uk
=ACF  \\$aPrevious copyright fee: GBP32.00$c2\0$e01-jan-2019$fGBP32.00$g0$hP$5Uk
=ACF  \\$aPrevious copyright fee: GBP34.00$c2\0$e01-jan-2020$fGBP34.00$g0$hP$5Uk
=LAS  \\$a8124$b40$c20230405$lBLL01$h0849

