=LDR  05831cas a2201237 a 4500
=001  013493988
=003  Uk
=005  20230511162914.0
=006  m\\\\\o\\d\\\\\\\\
=007  cr\|||||||||||
=008  020903c19889999xxuqr\pso\go\\0\\\a0eng\c
=FMT  \\$a  SE
=010  \\$a2003213735
=016  7\$a02314937X$2de-101
=016  7\$a20693175$2de-600
=022  0\$a1747-4469$z1545-696X$y0897-6546$202
=032  \\$a361170$bUSPS
=035  \\$a(OCoLC)50528700$z(OCoLC)83268035$z(OCoLC)173397001$z(OCoLC)173413357$z(OCoLC)173423336$z(OCoLC)262698510$z(OCoLC)279263291$z(OCoLC)535481512$z(OCoLC)612920062
=037  \\$aISSN_08976546$bPortico$nWiley
=037  3\$aISSN_08976546_30$bPortico$nCambridge University Press
=040  \\$aTXU$beng$cTXU$dOCLCQ$dNSD$dOCLCQ$dEYM$dHUL$dOCLCQ$dMUQ$dVRC$dNSD$dDOS$dGBT$dOCLCQ$dBUF$dDLC$dOCLCQ$dGBVCP$dDLC$dOCLCO$dUk
=042  \\$ansdp$aukblsr$aissnuk
=050  14$aK1$b.M39
=082  04$a340.115$223
=130  0\$aLaw & social inquiry (Online)
=222  \0$aLaw & social inquiry$b(Online)
=245  10$aLaw & social inquiry$h[electronic resource].
=246  3\$aLaw and social inquiry
=260  \\$31998-<1989> :$aChicago, Ill. :$bAmerican Bar Foundation,$cc1988-
=260  2\$3<1990>-2005 :$aChicago, IL :$bUniversity of Chicago Press
=260  2\$32006- :$a[Hoboken, NJ] :$bBlackwell Pub
=264  21$3<2018>-$aMedford, MA :$bpublished for the American Bar Foundation by Wiley Periodicals Inc.
=264  31$32019-$aNew York, N.Y. :$bpublished by Cambridge University Press on behalf of the American Bar Foundation
=310  \\$aQuarterly
=336  \\$atext$2rdacontent
=337  \\$acomputer$2rdamedia
=338  \\$aonline resource$2rdacarrier
=362  0\$aVol. 13, no. 1 (1988)-
=500  \\$aTitle from title screen (JSTOR, viewed Feb. 11, 2004).
=538  \\$aMode of access: World Wide Web.
=540  \\$aCurrent Copyright Fee: GBP22.50$c0$5Uk
=550  \\$aA journal of the American Bar Foundation.
=588  \\$aLatest issue consulted: volume 44, issue 3 (August 2019).
=650  \0$aSociological jurisprudence$vPeriodicals.
=710  2\$aAmerican Bar Foundation.
=776  08$iPrint version:$tLaw & social inquiry$x0897-6546
=780  00$tAmerican Bar Foundation research journal (Online)$x2328-0212
=859  \\$aELD$bejournal
=856  4\$uhttp://www.journals.uchicago.edu/LSI/journal/$zLink no longer available as of Mar. 19, 2012:
=856  40$uhttp://onlinelibrary.wiley.com/journal/10.1111/(ISSN)1747-4469
=856  40$uhttp://www.heinonline.org/HOL/Index?index=journals/lsociq&collection=usjournals
=856  40$uhttp://www.jstor.org/journals/08976546.html
=856  40$uhttps://onlinelibrary.wiley.com/loi/17474469
=856  40$uhttps://www.cambridge.org/core/journals/law-and-social-inquiry
=852  \\$aBritish Library$bDSC$j5161.364300$3Volume 31:Issue 1(2006)-Volume 43:Issue 1(2018)***See ESTAR for full holdings.
=852  41$aBritish Library$bHMNTS$jELD Digital store$3Volume 38:Issue 1(2013)-
=945  \\$aLaw and social inquiry
=959  \\$fHeld but not currently received
=979  \\$aBritish Library$bDSC$j5161.364300
=985  \\$aCONFERENCE ANALYTIC RECORDS EXIST
=985  \\$aLatsest issue viewed on Explore as could only see abstract on Cambridge Core.
=CAT  \\$a7174$b40$c20060620$lBLL01$h1114
=CAT  \\$aIPL-CLA$c20170307$lBLL01$h1824
=CAT  \\$aW1711-1005$c20171206$lBLL01$h1819
=CAT  \\$aBATCH-UPD$b00$c20180219$lBLL01$h1749
=CAT  \\$aW1805-0471$c20180520$lBLL01$h1139
=CAT  \\$aBATCH-UPD$b00$c20181121$lBLL01$h1622
=CAT  \\$a5552$b40$c20181128$lBLL01$h1140
=CAT  \\$aIPL-CLA$c20181231$lBLL01$h1544
=CAT  \\$aW1902-1304$c20190314$lBLL01$h1239
=CAT  \\$aBATCH-UPD$b00$c20190314$lBLL01$h1618
=CAT  \\$aIPL-CLA$c20190331$lBLL01$h1726
=CAT  \\$aDEL-3PM$c20190409$lBLL01$h0905
=CAT  \\$a10983$b40$c20190409$lBLL01$h1128
=CAT  \\$aBATCH-CLA$b00$c20190621$lBLL01$h1540
=CAT  \\$aIPL-CLA$c20190630$lBLL01$h1536
=CAT  \\$a15020$b40$c20191022$lBLL01$h1241
=CAT  \\$a15020$b40$c20191023$lBLL01$h1149
=CAT  \\$a3072$b40$c20191024$lBLL01$h1025
=CAT  \\$a8483$b40$c20200921$lBLL01$h1424
=CAT  \\$aBATCH-CLA$b00$c20210328$lBLL01$h1319
=CAT  \\$aIPL-CLA$c20210331$lBLL01$h1700
=CAT  \\$aBATCH-CLA$b00$c20221206$lBLL01$h1738
=CAT  \\$aIPL-CLA$c20221231$lBLL01$h1447
=CAT  \\$a5410$b40$c20230310$lBLL01$h1756
=CAT  \\$a8055$b40$c20230314$lBLL01$h1228
=CAT  \\$aBATCH-FIX$c20230511$lBLL01$h1629
=CFI  0\$aCurrent Copyright Fee: GBP22.50$c0$e14-mar-2023$fGBP22.50$g0$hC$5Uk
=CFI  2\$aBritish Library not licensed to copy$c0$e01-jan-2023$hC$iCFP Excluded$5Uk
=EST  \\$a1
=FIN  \\$aY$d20130605
=LKR  \\$aPAR$b011120330$lBLL01$r776$mLaw and social inquiry (Online)$nLaw and social inquiry (Print)
=MNI  \\$a0897-6546
=SID  \\$aZ39$bOCLC
=TCO  \\$aTRS$bCCC$c008
=TOC  \\$aETOC
=ACF  \\$aPrevious Copyright Fee: GBP22.50$c0$e01-apr-2021$fGBP22.50$g0$hC$5Uk
=ACF  \\$aPrevious Copyright Fee: GBP16.00$c10\0$e20-jun-2006$fGBP16.00$g0$hP$5Uk
=ACF  \\$aPrevious copyright fee: GBP17.00$c10\0$e01-jan-2009$fGBP17.00$g0$hP$5Uk
=ACF  \\$aPrevious copyright fee: GBP22.00$c10\0$e01-jan-2011$fGBP22.00$g0$hP$5Uk
=ACF  \\$aPrevious copyright fee: GBP24.00$c10\0$e01-mar-2015$fGBP24.00$g0$hP$5Uk
=ACF  \\$aPrevious copyright fee: GBP24.00$c35\0$e07-mar-2017$fGBP24.00$g0$hP$5Uk
=ACF  \\$aPrevious copyright fee: GBP25.00$c43\0$e01-jan-2019$fGBP25.00$g0$hP$5Uk
=ACF  \\$aPrevious Copyright Fee: GBP17.50$c0$e01-apr-2019$fGBP17.50$g0$hA$5Uk
=ACF  \\$aPrevious Copyright Fee: GBP10.00$c0$e01-jul-2019$fGBP10.00$g0$hC$5Uk
=LAS  \\$aBATCH-FIX$b00$c20230511$lBLL01$h1629

