=LDR  05570cas a2201177 a 4500
=001  013494264
=003  Uk
=005  20230516090216.0
=006  m\\\\\\\\d\\\\\\\\
=007  cr||||||||||||
=008  050822c19879999enkqr\pss\\\\\0\\\a0eng\c
=FMT  \\$a  SE
=010  \\$a2010233125
=015  \\$aGBB404498$2bnb
=022  0\$a1747-7093$202
=035  \\$a(OCoLC)61312554$z(OCoLC)51619976
=037  \\$aBL_08926794$bPortico$nCambridge University Press
=037  3\$aISSN_08926794_30$bPortico$nCambridge University Press
=040  \\$aOCLCS$cOCLCS$dOCLCS$dMUQ$dVRC$dOCL$dAUD$dTXU$dUQ1$dAU@$dTXJ$dBUF$dGUA$dOCLCQ$dUk$dUk
=042  \\$aissnuk$aukblsr
=050  00$aJZ6.5$b.E84
=050  \4$aJX1255$b.E73
=082  04$a172.405$222
=130  0\$aEthics & international affairs (Online)
=222  \0$aEthics & international affairs$b(Online)
=245  10$aEthics & international affairs$h[electronic resource].
=246  30$aEthics and international affairs
=260  \\$a[New York] :$bCarnegie Council on Ethics and International Affairs
=260  2\$aOxford :$bBlackwell
=260  2\$aBognor Regis :$bJohn Wiley & Sons
=260  3\$aCambridge :$bCambridge University Press
=310  \\$aQuarterly,$b2006-
=321  \\$aThree times a year,$b2004-2005
=321  \\$aSemiannual,$b2001-2003
=321  \\$aAnnual,$b1987-2000
=336  \\$atext$2rdacontent
=337  \\$acomputer$2rdamedia
=338  \\$aonline resource$2rdacarrier
=362  1\$aPrint began with v. 1 (1987).
=530  \\$aAlso issued in print.
=538  \\$aMode of access: World Wide Web.
=588  \\$aDescription based on print version record.
=588  \\$aLatest issue consulted: Vol. 25, issue 01 (Cambridge Journals, viewed Apr. 11, 2011).
=540  \\$aCurrent Copyright Fee: GBP22.50$c0$5Uk
=650  \0$aInternational relations$xMoral and ethical aspects$vPeriodicals.
=776  0\$tEthics & international affairs$x0892-6794
=710  2\$aCarnegie Council on Ethics & International Affairs.
=776  1\$tEthics & international affairs$x0892-6794
=859  \\$aELD$bejournal
=856  4\$uhttp://www.blackwell-synergy.com/loi/eia?open=1987
=856  40$uhttp://firstsearch.oclc.org/journal=0892-6794;screen=info;ECOIP$zAddress for accessing the journal from an authorized IP address through OCLC FirstSearch Electronic Collections Online
=856  40$uhttp://gateway.proquest.com/openurl?ctx%5Fver=Z39.88-2003&res%5Fid=xri:ItemLocation:pqd&rft%5Fval%5Ffmt=ori:fmt:kev:mtx:journal&genre=journal&req%5Fdat=xri:pqil:pq%5Fclntid=58117&res%5Fdat=xri:pqil:res%5Fver=0.2&svc%5Fid=xri:pqil:context=title&rft%5Fid=xri:pqd:PMID=48210
=856  40$uhttp://journals.cambridge.org/action/displayJournal?jid=EIA
=856  40$uhttp://onlinelibrary.wiley.com/journal/10.1111/(ISSN)1747-7093
=852  41$aBritish Library$bHMNTS$jELD Digital store$3Volume 28:Issue 1(2014)-***Previous issues available in print copy
=852  \\$aBritish Library$bDSC$j3814.656700$3Volume 20:Issue 1(2006)-Volume 24:Issue 4(2010)***See ESTAR for full holdings.
=945  \\$aEthics and international affairs
=959  \\$fHeld but not currently received
=985  \\$aDue to be published by Cambridge University Press from 2011. ISSN UK Centre retaining ISSN responsibility.
=CAT  \\$a7174$b40$c20060620$lBLL01$h1411
=CAT  \\$a11316$b40$c20110322$lBLL01$h1345
=CAT  \\$a11316$b40$c20110411$lBLL01$h0820
=CAT  \\$aISSN$b40$c20110418$lBLL01$h1042
=CAT  \\$aBATCH-UPD$b40$c20121105$lBLL01$h1136
=CAT  \\$aBATCH-CLA$b00$c20121109$lBLL01$h1726
=CAT  \\$a8478$b40$c20131213$lBLL01$h1050
=CAT  \\$a11316$b40$c20140108$lBLL01$h0906
=CAT  \\$aBATCH-CLA$b00$c20140125$lBLL01$h1309
=CAT  \\$a14112$b40$c20140211$lBLL01$h1731
=CAT  \\$aBATCH-CLA$c20140225$lBLL01$h2327
=CAT  \\$aWR14_097$c20140704$lBLL01$h1704
=CAT  \\$aBLDSS-3PM$b00$c20141208$lBLL01$h1625
=CAT  \\$aBATCH-UPD$b00$c20160517$lBLL01$h1849
=CAT  \\$a5552$b40$c20160603$lBLL01$h0827
=CAT  \\$aIPL-CLA$c20160630$lBLL01$h1605
=CAT  \\$aW1711-1005$c20171206$lBLL01$h1819
=CAT  \\$a11033$b40$c20180222$lBLL01$h1629
=CAT  \\$aW1902-1304$c20190314$lBLL01$h1239
=CAT  \\$aBATCH-UPD$b00$c20190314$lBLL01$h1618
=CAT  \\$aIPL-CLA$c20190331$lBLL01$h1726
=CAT  \\$aDEL-3PM$c20190409$lBLL01$h0905
=CAT  \\$a12654$b40$c20190902$lBLL01$h0834
=CAT  \\$a5552$b40$c20191017$lBLL01$h0906
=CAT  \\$aBATCH-FIX$c20230511$lBLL01$h1629
=CAT  \\$a12654$b40$c20230516$lBLL01$h0902
=CFI  0\$aCurrent Copyright Fee: GBP22.50$c0$e16-may-2023$fGBP22.50$g0$hC$5Uk
=CFI  2\$aPrevious Copyright Fee: GBP10.00$c0$e02-sep-2019$fGBP10.00$g0$hC$5Uk
=CFI  2\$aPrevious Copyright Fee: GBP17.50$c0$e01-apr-2019$fGBP17.50$g0$hA$5Uk
=EST  \\$a1
=FIN  \\$aY$d20061104
=LKR  \\$aPAR$b010649306$lBLL01$r776$mEthics & international affairs (Online)$nEthics & international affairs (Print)
=MNI  \\$a0892-6794
=SID  \\$aZ39$bOCLC
=TCO  \\$aTRS$bCCC$c008
=TOC  \\$aETOC
=ACF  \\$aPrevious copyright fee: GBP25.00$c43\0$e01-jul-2016$fGBP25.00$g0$hP$5Uk
=ACF  \\$aPrevious copyright fee: GBP17.00$c10\0$e01-jan-2009$fGBP17.00$g0$hP$5Uk
=ACF  \\$aPrevious Copyright Fee: GBP16.00$c10\0$e01-jan-2006$fGBP16.00$g0$hP$5Uk
=ACF  \\$aCurrent copyright fee: GBP22.00$c10\0$e01-jan-2011$fGBP22.00$g0$hP$5Uk
=ACF  \\$aPrevious copyright fee: GBP30.00$c43\0$e18-feb-2011$fGBP30.00$g0$hP$5Uk
=LAS  \\$a12654$b40$c20230516$lBLL01$h0902

