=LDR  07845cas a2201609 a 4500
=001  013497058
=003  Uk
=005  20221231144741.0
=006  m\\\\\o\\d\\\\\\\\
=007  cr\|||||||||||
=008  050614c19939999nyuqr\pso\g\\\0\\\a0eng\c
=FMT  \\$a  SE
=010  \\$a2007242082
=015  \\$aGBB351216$2bnb
=022  0\$a1748-720X$y1073-1105$202
=035  \\$a(OCoLC)60618564$z(OCoLC)42818248$z(OCoLC)44770000$z(OCoLC)53447257$z(OCoLC)76813594
=037  3\$aISSN_10731105_30$bPortico$nCambridge University Press
=037  \\$aISSN_10731105$bPortico$nWiley
=037  \\$aLME$bSage (UK) Ltd
=040  \\$aOCLCS$cOCLCS$dUV$dAAA$dFQM$dOCL$dMYG$dABC$dOCLCQ$dDOS$dBUF$dDLC$dOCLCQ$dUk
=042  \\$aissnuk$aukblsr
=043  \\$an-us---
=050  14$aKF3821.A15$bL38
=060  \4$aW1$bJO739
=082  04$a344.73041$223
=130  0\$aJournal of law, medicine & ethics (Online)
=222  \4$aThe journal of law, medicine & ethics$b(Online)
=245  14$aThe Journal of law, medicine & ethics$h[electronic resource] :$ba journal of the American Society of Law, Medicine & Ethics.
=246  30$aJournal of law, medicine and ethics
=246  13$aJLME
=246  13$aJ. L. Med. & Ethics
=260  \\$aBoston, MA :$bAmerican Society of Law, Medicine & Ethics,$c1993-
=260  2\$aOxford :$bBlackwell
=264  21$32016-2020$aThousand Oaks, California :$bSAGE Publications
=264  31$32021-$a[New York?] :$bCambridge University Press
=310  \\$aQuarterly
=336  \\$atext$2rdacontent
=337  \\$acomputer$2rdamedia
=338  \\$aonline resource$2rdacarrier
=362  1\$aPrint began with v. 21:1 (spring 1993).
=588  \\$aDescription based on: Vol. 28, no. 1 (Mar. 2000); title from title screen (Blackwell-Synergy, viewed Feb. 28, 2007).
=588  \\$aLatest issue consulted: volume 49:1 (spring 2021) (Cambridge Core, viewed August 5, 2021).
=515  \\$aIssues for spring 1993- contain the Proceedings of the 3rd- International Conference on Health Law & Ethics, 1992-
=530  \\$aAlso issued in print.
=538  \\$aMode of access: World Wide Web.
=540  \\$aBritish Library not licensed to copy$c0$5Uk
=650  \0$aMedical laws and legislation$zUnited States$vPeriodicals.
=650  \0$aMedical care$xLaw and legislation$zUnited States$vPeriodicals.
=650  \0$aMedical ethics$vPeriodicals.
=650  12$aJurisprudence$vPeriodicals.
=650  12$aLegislation, Medical$vPeriodicals.
=650  12$aLegislation, Nursing$vPeriodicals.
=650  12$aEthics$vPeriodicals.
=650  22$aForensic Medicine$vPeriodicals.
=650  22$aNursing$vPeriodicals.
=650  22$aMedicine$vPeriodicals.
=650  22$aSocieties$vPeriodicals.
=650  \7$aMedical care$xLaw and legislation.$2fast$0(OCoLC)fst01013817
=650  \7$aMedical ethics.$2fast$0(OCoLC)fst01014081
=650  \7$aMedical laws and legislation.$2fast$0(OCoLC)fst01014309
=651  \7$aUnited States.$2fast$0(OCoLC)fst01204155
=655  \7$aPeriodicals.$2fast$0(OCoLC)fst01411641
=710  2\$aAmerican Society of Law, Medicine & Ethics.
=711  2\$aInternational Conference on Health Law & Ethics.
=776  1\$tJournal of law, medicine & ethics$x1073-1105
=780  00$tLaw, medicine & health care (Online)$x2151-7878
=856  40$uhttp://lme.sagepub.com/
=856  40$uhttps://www.cambridge.org/core/journals/journal-of-law-medicine-and-ethics
=859  \\$aELD$bejournal
=856  40$uhttp://search.epnet.com/direct.asp?jid=JME&db=afh$zJournal of law, medicine & ethics$zUM/JMH only
=856  40$uhttp://www.aslme.org/
=856  40$uhttp://www.blackwell-synergy.com/loi/jlme
=856  40$uhttp://www.blackwellpublishing.com/journal.asp?ref=1073-1105&site=1
=856  40$uhttp://www.heinonline.org/HOL/Index?index=journals/medeth&collection=journals
=856  40$uhttp://onlinelibrary.wiley.com/journal/10.1111/(ISSN)1748-720X$zIncludes issues of earlier title: Law, medicine & health care
=852  41$aBritish Library$bHMNTS$jELD Digital store$3Volume 41:Issue 1(2013)-
=852  \\$aBritish Library$bDSC$j5010.195000$3Volume 34:Issue 1(2006)-Volume 43:Issue 4(2015)***See ESTAR for full holdings.
=945  \\$aJournal of law medicine and ethics
=959  \\$fHeld but not currently received
=985  \\$aCONFERENCE ANALYTIC RECORDS EXIST
=CAT  \\$a7174$b40$c20060623$lBLL01$h0929
=CAT  \\$a5552$b40$c20180312$lBLL01$h1403
=CAT  \\$aIPL-CLA$c20180331$lBLL01$h1625
=CAT  \\$aBATCH-UPD$b00$c20180823$lBLL01$h1858
=CAT  \\$aIPL-CLA$c20180930$lBLL01$h1504
=CAT  \\$aBATCH-UPD$b00$c20190521$lBLL01$h1346
=CAT  \\$aIPL-CLA$c20190630$lBLL01$h1536
=CAT  \\$aBATCH-UPD$b00$c20190829$lBLL01$h1429
=CAT  \\$aIPL-CLA$c20190930$lBLL01$h1640
=CAT  \\$aBATCH-UPD$b00$c20200219$lBLL01$h1420
=CAT  \\$aIPL-CLA$c20200331$lBLL01$h1616
=CAT  \\$aBATCH-UPD$b00$c20200522$lBLL01$h1412
=CAT  \\$aIPL-CLA$c20200701$lBLL01$h0058
=CAT  \\$a5552$b40$c20201211$lBLL01$h1117
=CAT  \\$a5552$b40$c20201215$lBLL01$h1143
=CAT  \\$aIPL-CLA$c20201231$lBLL01$h1530
=CAT  \\$aDEL-3PM$c20210112$lBLL01$h1249
=CAT  \\$aBATCH-CLA$b00$c20210328$lBLL01$h1316
=CAT  \\$aIPL-CLA$c20210331$lBLL01$h1700
=CAT  \\$aBATCH-CLA$b00$c20210617$lBLL01$h1356
=CAT  \\$aIPL-CLA$c20210704$lBLL01$h1017
=CAT  \\$a8124$b40$c20210805$lBLL01$h0940
=CAT  \\$a14412$b40$c20211103$lBLL01$h1332
=CAT  \\$a15190$b40$c20211129$lBLL01$h1442
=CAT  \\$aBATCH-CLA$b00$c20221206$lBLL01$h1723
=CAT  \\$aIPL-CLA$c20221231$lBLL01$h1447
=CFI  0\$aBritish Library not licensed to copy$c0$e01-jan-2023$hC$iCFP Excluded$5Uk
=CFI  2\$aPrevious Copyright Fee: GBP22.50$c0$e01-jul-2021$fGBP22.50$g0$hC$5Uk
=EST  \\$a1
=FIN  \\$aY$d20121106
=LET  \0$aJournal of law medicine & ethics (Online)Journal of law medicine & ethics (Electronic)
=LKR  \\$aPAR$b010490464$lBLL01$r776$mJournal of law medicine & ethics (Online)$nJournal of law medicine & ethics (Print)
=MNI  \\$a1073-1105
=SID  \\$aZ39$bOCLC
=TCO  \\$aTRS$bCCC$c008
=TCO  \\$aCLA$bCLA$c008
=TOC  \\$aETOC
=UNO  \\$aY
=ACF  \\$aPrevious Copyright Fee: GBP16.00$c10\0$e23-jun-2006$fGBP16.00$g0$hP$5Uk
=ACF  \\$aPrevious copyright fee: GBP17.00$c10\0$e01-jan-2009$fGBP17.00$g0$hP$5Uk
=ACF  \\$aPrevious copyright fee: GBP24.00$c10\0$e01-mar-2015$fGBP24.00$g0$hP$5Uk
=ACF  \\$aPrevious copyright fee: GBP22.00$c10\0$e01-jan-2011$fGBP22.00$g0$hP$5Uk
=ACF  \\$aPrevious copyright fee: GBP23.23$c103\0$e23-feb-2016$fGBP23.23$g0$hP$5Uk
=ACF  \\$aPrevious copyright fee: GBP27.59$c103\0$e01-apr-2016$fGBP27.59$g0$hP$5Uk
=ACF  \\$aPrevious copyright fee: GBP29.63$c103\0$e01-oct-2016$fGBP29.63$g0$hP$5Uk
=ACF  \\$aPrevious copyright fee: GBP30.77$c103\0$e01-oct-2017$fGBP30.77$g0$hP$5Uk
=ACF  \\$aPrevious copyright fee: GBP32.00$c103\0$e01-apr-2017$fGBP32.00$g0$hP$5Uk
=ACF  \\$aPrevious copyright fee: GBP27.69$c103\0$e12-mar-2018$fGBP27.69$g0$hP$5Uk
=ACF  \\$aPrevious copyright fee: GBP25.71$c103\0$e01-apr-2018$fGBP25.71$g0$hP$5Uk
=ACF  \\$aPrevious copyright fee: GBP27.69$c103\0$e01-oct-2018$fGBP27.69$g0$hP$5Uk
=ACF  \\$aPrevious copyright fee: GBP29.08$c103\0$e01-jul-2019$fGBP29.08$g0$hP$5Uk
=ACF  \\$aPrevious copyright fee: GBP30.24$c103\0$e01-oct-2019$fGBP30.24$g0$hP$5Uk
=ACF  \\$aPrevious copyright fee: GBP30.29$c103\0$e01-apr-2020$fGBP30.29$g0$hP$5Uk
=ACF  \\$aPrevious copyright fee: GBP31.50$c103\0$e01-jul-2020$fGBP31.50$g0$hP$5Uk
=ACF  \\$aPrevious copyright fee: GBP22.50$c0$e01-jan-2021$fGBP22.50$g0$hA$5Uk
=ACF  \\$aBritish Library not licensed to copy$c0$e01-apr-2021$hC$iCFP Excluded$5Uk
=LAS  \\$aIPL-CLA$b00$c20221231$lBLL01$h1447

