=LDR  04766cas a2201069 i 4500
=001  011458492
=003  Uk
=005  20221231144203.0
=006  m\\\\\o\\d\\\\\\\\
=007  cr\mnu||||||||
=008  001221c19999999enkqr\pso\\\\\0\\\a0eng\c
=FMT  \\$a  SE
=010  \\$a  2004233767
=015  \\$aGBB773630$2bnb
=016  7\$a2025926-8$2DE-600
=022  0\$a1469-3569$202
=035  \\$a(OCoLC)45614741$z(OCoLC)535443966
=037  \\$aISSN_14693569_30$bPortico$nCambridge University Press
=040  \\$aF#A$beng$cF#A$dOCLCQ$dCUS$dOCLCQ$dCGU$dOCL$dGUA$dMUQ$dGUA$dUBY$dOCLCQ$dOCLCF$dFIE$dDEBBG$dCUS$dOCLCO$dDLC$dOCLCQ$dUk
=042  \\$aukblsr$aissnuk
=050  00$aJK467
=082  04$a322.3$223
=210  0\$aBus. polit.$b(Online)
=222  \0$aBusiness and politics$b(Online)
=245  00$aBusiness and politics.
=260  \\$aBerkeley, CA :$bBerkeley Electronic Press
=264  31$a[Cambridge] :$bCambridge University Press
=310  \\$aQuarterly
=321  \\$aThree issues yearly
=336  \\$atext$2rdacontent
=337  \\$acomputer$2rdamedia
=338  \\$aonline resource$2rdacarrier
=362  1\$aPrint began with v. 1, no. 1 (Apr. 1999).
=538  \\$aMode of access: World Wide Web.
=588  \\$aDescription based on: Vol. 2, issue 1 (Apr. 2000); title from contents screen (publisher's Web site, viewed Oct. 5, 2004).
=588  \\$aLatest issue consulted: volume 19, issue 1 (March 2017) (viewed April 26, 2017).
=540  \\$aBritish Library not licensed to copy$c0$5Uk
=650  \0$aBusiness and politics$vPeriodicals.
=650  \0$aBusiness planning$vPeriodicals.
=650  \6$aAffaires et politique$vPériodiques.
=650  \6$aEntreprises$xPlanification$vPériodiques.
=650  \7$aBusiness and politics.$2fast$0(OCoLC)fst00842401
=650  \7$aBusiness planning.$2fast$0(OCoLC)fst00842819
=655  \7$aPeriodicals.$2fast$0(OCoLC)fst01411641
=776  08$iPrint version:$tBusiness and politics$x1369-5258
=859  \\$aELD$bejournal
=856  40$uhttp://www.bepress.com/bap/
=856  40$uhttp://www.metapress.com/link.asp?id=101972
=856  40$uhttp://www.catchword.com/rpsv/cw/carfax/13695258/contp1.htm
=856  40$uhttp://firstsearch.oclc.org$zAddress for accessing the journal using authorization number and password through OCLC FirstSearch Electronic Collections Online
=856  40$uhttp://firstsearch.oclc.org/journal=1369-5258;screen=info;ECOIP$zAddress for accessing the journal from an authorized IP address through OCLC FirstSearch Electronic Collections Online
=856  40$uhttps://www.cambridge.org/core/journals/business-and-politics
=852  41$aBritish Library$bDSC$j2933.218000$3Volume 17:Issue 1(2015:Jan.)-Volume 17:Issue 4(2015:Oct.)
=852  41$aBritish Library$bHMNTS$jELD Digital store$3Volume 16:Number 1(2014)-***Previous issues available in print copy
=945  \\$aBusiness and Politics
=959  \\$fHeld but not currently received
=CAT  \\$aCONV$b00$c20040425$lBLL90$h0850
=CAT  \\$aCONV$b00$c20040502$lBLL01$h1434
=CAT  \\$aglobal_upd$b40$c20060417$lBLL01$h1819
=CAT  \\$aBATCH$b00$c20091210$lBLL01$h0503
=CAT  \\$aBATCH$b00$c20091214$lBLL01$h0706
=CAT  \\$a14412$b40$c20170107$lBLL01$h1047
=CAT  \\$a14412$b40$c20170107$lBLL01$h1053
=CAT  \\$a10983$b40$c20170215$lBLL01$h1550
=CAT  \\$a10806$b40$c20170426$lBLL01$h1110
=CAT  \\$a10806$b40$c20170426$lBLL01$h1114
=CAT  \\$aW1711-1005$c20171206$lBLL01$h1814
=CAT  \\$aW1902-1304$c20190314$lBLL01$h1238
=CAT  \\$aBATCH-UPD$b00$c20190314$lBLL01$h1617
=CAT  \\$aIPL-CLA$c20190331$lBLL01$h1724
=CAT  \\$aDEL-3PM$c20190409$lBLL01$h0904
=CAT  \\$aBATCH-CLA$b00$c20190621$lBLL01$h1541
=CAT  \\$aIPL-CLA$c20190630$lBLL01$h1530
=CAT  \\$aBATCH-CLA$b00$c20210328$lBLL01$h1321
=CAT  \\$aIPL-CLA$c20210331$lBLL01$h1658
=CAT  \\$aBATCH-CLA$b00$c20221206$lBLL01$h1744
=CAT  \\$aIPL-CLA$c20221231$lBLL01$h1442
=CFI  0\$aBritish Library not licensed to copy$c0$e01-jan-2023$hC$iCFP Excluded$5Uk
=CFI  2\$aPrevious Copyright Fee: GBP45.00$c0$e01-apr-2021$fGBP45.00$g0$hC$5Uk
=EST  \\$a1
=FIN  \\$aY
=LEO  \\$aMP22.0000063264
=MNI  \\$a1369-5258
=SID  \\$aZ39$bOCLC
=SRC  \\$aISN01$bbibmp22.200404.2.aa
=TCO  \\$aCLA$bCLA$c008
=TOC  \\$aETOC
=ACF  \\$aPrevious copyright fee: GBP27.00$c56\0$e20-mar-2015$fGBP27.00$g0$hP$5Uk
=ACF  \\$aPrevious copyright fee: GBP25.00$c43\0$e01-jan-2017$fGBP25.00$g0$hP$5Uk
=ACF  \\$aPrevious Copyright Fee: GBP17.50$c0$e01-apr-2019$fGBP17.50$g0$hA$5Uk
=ACF  \\$aPrevious Copyright Fee: GBP25.00$c0$e01-jul-2019$fGBP25.00$g0$hC$5Uk
=LAS  \\$aIPL-CLA$b00$c20221231$lBLL01$h1442

