=LDR  04290cas a2201009 i 4500
=001  011459258
=003  Uk
=005  20221231144205.0
=006  m\\\\\\\\d\|\\\\\\
=007  cr||||||||||||
=008  000905c19699999enkbr\p\s\\\\\0\\\a0eng\\
=FMT  \\$a  SE
=015  \\$aGBB040720$2bnb
=022  0\$a1471-8022$202
=037  3\$aISSN_0026461X_30$bPortico$nCambridge University Press
=037  \\$a0026461X$bIngenta$nMineralogical Society
=040  \\$aUk$beng$cUk$dUk
=042  \\$aukblsr$aissnuk
=082  04$a549.05$223
=130  0\$aMineralogical magazine (Online)
=210  0\$aMineral. mag.$b(Online)
=222  \0$aMineralogical magazine$b(Online)
=245  10$aMineralogical magazine$h[electronic resource].
=260  \\$aLondon :$bMineralogical Society
=264  31$32018-$aCambridge :$bCambridge University Press
=310  \\$aBimonthly
=336  \\$atext$2rdacontent
=337  \\$acomputer$2rdamedia
=338  \\$aonline resource$2rdacarrier
=362  1\$aPrint began with: Vol. 37, no. 285 (Mar. 1969).
=538  \\$aMode of access: World Wide Web.
=500  \\$aDescription based on: Vol. 62, no. 1 (Feb. 1998).
=500  \\$aLatest issue consulted: no. 538 (February 2018) (Cambridge Core, viewed April 25, 2018).
=500  \\$aTitle from issue contents page (IngentaConnect, viewed Mar. 17, 2010).
=530  \\$aAlso issued in print.
=540  \\$aCurrent Copyright Fee: GBP25.00$c0$5Uk
=650  \0$aMineralogy$vPeriodicals.
=650  \0$aMineralogy$zGreat Britain$vPeriodicals.
=710  2\$aMineralogical Society (Great Britain)
=776  1\$tMineralogical Magazine$x0026-461X
=780  00$tMineralogical magazine and journal of the Mineralogical Society$x2515-821X
=859  \\$aELD$bejournal
=856  4\$uhttp://pi2.ingenta.com/content/minsoc/mag;jsessionid=k179kevo8th.alice$zLink no longer valid
=856  40$uhttps://www.cambridge.org/core/journals/mineralogical-magazine
=852  41$aBritish Library$bHMNTS$jELD Digital store$3Volume 67:Number 1(2003)-***Previous issues available in print copy
=852  \\$aBritish Library$bDSC$j5788.000000
=CAT  \\$aCONV$b00$c20040425$lBLL90$h0850
=CAT  \\$a11450$b40$c20160817$lBLL01$h0831
=CAT  \\$a12654$b40$c20170109$lBLL01$h1413
=CAT  \\$a12654$b40$c20170109$lBLL01$h1414
=CAT  \\$aBATCH-UPD$b40$c20170111$lBLL01$h0036
=CAT  \\$aBLDSS-3PM$b00$c20170116$lBLL01$h1615
=CAT  \\$aBATCH-UPD$b00$c20170116$lBLL01$h1616
=CAT  \\$a8055$b40$c20170602$lBLL01$h1220
=CAT  \\$a8311$b40$c20171116$lBLL01$h1603
=CAT  \\$aW1711-1005$c20171206$lBLL01$h1814
=CAT  \\$a5552$b40$c20180118$lBLL01$h0855
=CAT  \\$a10983$b40$c20180212$lBLL01$h1118
=CAT  \\$a10806$b40$c20180425$lBLL01$h1635
=CAT  \\$a10806$b40$c20180425$lBLL01$h1636
=CAT  \\$a8323$b40$c20180903$lBLL01$h1428
=CAT  \\$aW1902-1304$c20190314$lBLL01$h1238
=CAT  \\$aBATCH-UPD$b00$c20190314$lBLL01$h1617
=CAT  \\$aIPL-CLA$c20190331$lBLL01$h1724
=CAT  \\$aDEL-3PM$c20190409$lBLL01$h0904
=CAT  \\$aBATCH-CLA$b00$c20191219$lBLL01$h1713
=CAT  \\$aIPL-CLA$c20191231$lBLL01$h1852
=CAT  \\$aR2001-1524$c20200127$lBLL01$h1952
=CAT  \\$aBATCH-CLA$b00$c20201204$lBLL01$h1512
=CAT  \\$aIPL-CLA$c20201231$lBLL01$h1526
=CAT  \\$aBATCH-CLA$b00$c20221221$lBLL01$h1819
=CAT  \\$aIPL-CLA$c20221231$lBLL01$h1442
=CFI  0\$aCurrent Copyright Fee: GBP25.00$c0$e01-jan-2023$fGBP25.00$g0$hA$5Uk
=CFI  2\$aPrevious Copyright Fee: GBP22.50$c0$e01-jan-2021$fGBP22.50$g0$hA$5Uk
=EST  \\$a1
=FIN  \\$aY$d20100317
=LEO  \\$aMP22.0000065124
=LET  \0$aMineralogical magazine (Online)
=LKR  \\$aPAR$b011763160$lBLL01$r776$mMineralogical magazine (Online)$nMineralogical magazine (Print)
=MNI  \\$a0026-461X
=SRC  \\$aISN01$bbibmp22.200404.2.aa
=TCO  \\$aCLA$bCLA$c008
=ACF  \\$aPrevious copyright fee: GBP27.00$c56\0$e09-jan-2017$fGBP27.00$g0$hP$5Uk
=ACF  \\$aPrevious copyright fee: GBP30.00$c43\0$e18-jan-2018$fGBP30.00$g0$hP$5Uk
=ACF  \\$aPrevious Copyright Fee: GBP17.50$c0$e01-apr-2019$fGBP17.50$g0$hA$5Uk
=ACF  \\$aPrevious Copyright Fee: GBP20.00$c0$e01-jan-2020$fGBP20.00$g0$hA$5Uk
=LAS  \\$aIPL-CLA$b00$c20221231$lBLL01$h1442

