=LDR  04267cas a2201045 i 4500
=001  011459259
=003  Uk
=005  20230630104221.0
=006  m\\\\\\\\d\|\\\\\\
=007  cr||||||||||||
=008  000905c19659999enkqr\p\s\\\\\0\\\a0eng\\
=FMT  \\$a  SE
=015  \\$aGBB040712$2bnb
=022  0\$a1471-8030$202
=037  3\$aISSN_00098558_30$bPortico$nCambridge University press
=037  \\$a00098558$bIngenta$nMineralogical Society
=040  \\$aUk$beng$cUk$dUk
=042  \\$aukblsr$aissnuk
=082  04$a549.6$223
=130  0\$aClay minerals (Online)
=210  0\$aClay miner.$b(Online)
=222  \0$aClay minerals$b(Online)
=245  10$aClay minerals$h[electronic resource].
=260  \\$aLondon :$bMineralogical Society
=264  31$32018-$aCambridge :$bCambridge University Press
=310  \\$aQuarterly
=336  \\$atext$2rdacontent
=337  \\$acomputer$2rdamedia
=338  \\$aonline resource$2rdacarrier
=362  1\$aPrint began with July 1965.
=538  \\$aMode of access: World Wide Web.
=500  \\$aDescription based on: Vol. 33, no. 1 (Mar. 1998).
=500  \\$aLatest issue consulted: vol. 53, no. 1 (March 2018) (Cambridge Core, viewed November 23, 2018).
=500  \\$aTitle from issue contents page (IngentaConnect, viewed Mar. 17, 2010).
=530  \\$aAlso issued in print.
=540  \\$aCurrent Copyright Fee: GBP22.50$c0$5Uk
=650  \0$aClay minerals$vPeriodicals.
=650  \0$aClay$vPeriodicals.
=710  2\$aMineralogical Society (Great Britain)
=776  08$i-2022$tClay minerals$x0009-8558
=780  00$tClay minerals bulletin$x2515-8201
=859  \\$aELD$bejournal
=856  4\$uhttp://www.ingentaconnect.com/content/minsoc/cm$zLink no longer valid
=856  40$uhttps://www.cambridge.org/core/journals/clay-minerals
=852  \\$aBritish Library$bDSC$j3276.900000
=852  41$aBritish Library$bHMNTS$jELD Digital store$3Volume 37:Number 1(2002:Mar.)-***Previous issues available in print copy
=945  \\$aClay minerals.
=CAT  \\$aCONV$b00$c20040425$lBLL90$h0850
=CAT  \\$aBATCH-UPD$b40$c20170111$lBLL01$h0036
=CAT  \\$a12654$b40$c20170111$lBLL01$h1050
=CAT  \\$aBLDSS-3PM$b00$c20170116$lBLL01$h1615
=CAT  \\$aBATCH-UPD$b00$c20170116$lBLL01$h1616
=CAT  \\$a8055$b40$c20170602$lBLL01$h1144
=CAT  \\$a8311$b40$c20171108$lBLL01$h1453
=CAT  \\$aW1711-1005$c20171206$lBLL01$h1814
=CAT  \\$a5552$b40$c20180118$lBLL01$h0912
=CAT  \\$a10983$b40$c20180212$lBLL01$h1116
=CAT  \\$a8323$b40$c20180903$lBLL01$h1404
=CAT  \\$a10806$b40$c20181123$lBLL01$h1044
=CAT  \\$a10806$b40$c20181123$lBLL01$h1045
=CAT  \\$aW1902-1304$c20190314$lBLL01$h1238
=CAT  \\$aBATCH-UPD$b00$c20190314$lBLL01$h1617
=CAT  \\$aIPL-CLA$c20190331$lBLL01$h1724
=CAT  \\$aDEL-3PM$c20190409$lBLL01$h0904
=CAT  \\$aBATCH-CLA$b00$c20191219$lBLL01$h1713
=CAT  \\$aIPL-CLA$c20191231$lBLL01$h1852
=CAT  \\$aR2001-1524$c20200127$lBLL01$h1952
=CAT  \\$aBATCH-CLA$b00$c20201204$lBLL01$h1512
=CAT  \\$aIPL-CLA$c20201231$lBLL01$h1526
=CAT  \\$aBATCH-CLA$b00$c20221221$lBLL01$h1819
=CAT  \\$aIPL-CLA$c20221231$lBLL01$h1442
=CAT  \\$a11313$b40$c20230629$lBLL01$h1110
=CAT  \\$a12654$b40$c20230630$lBLL01$h1042
=CFI  0\$aCurrent Copyright Fee: GBP22.50$c0$e30-jun-2023$fGBP22.50$g0$hC$5Uk
=CFI  2\$aPrevious Copyright Fee: GBP25.00$c0$e01-jan-2023$fGBP25.00$g0$hA$5Uk
=CFI  2\$aPrevious Copyright Fee: GBP22.50$c0$e01-jan-2021$fGBP22.50$g0$hA$5Uk
=EST  \\$a1
=FIN  \\$aY$d20100317
=LEO  \\$aMP22.0000065125
=LET  \0$aClay minerals (Online)
=LKR  \\$aPAR$b012103821$lBLL01$nClay minerals (Print)$mClay minerals (Online)$r776
=MNI  \\$a0009-8558
=SRC  \\$aISN01$bbibmp22.200404.2.aa
=TCO  \\$aCLA$bCLA$c008
=TOC  \\$aETOC
=ACF  \\$aPrevious copyright fee: GBP27.00$c56\0$e05-jan-2017$fGBP27.00$g0$hP$5Uk
=ACF  \\$aPrevious copyright fee: GBP30.00$c43\0$e18-jan-2018$fGBP30.00$g0$hP$5Uk
=ACF  \\$aPrevious Copyright Fee: GBP17.50$c0$e01-apr-2019$fGBP17.50$g0$hA$5Uk
=ACF  \\$aPrevious Copyright Fee: GBP20.00$c0$e01-jan-2020$fGBP20.00$g0$hA$5Uk
=LAS  \\$a12654$b40$c20230630$lBLL01$h1042

