=LDR  05215cas a2201213 a 4500
=001  005478029
=003  Uk
=005  20221231143124.0
=006  m\\\\\\\\d\\\\\\\\
=007  cr\|||||||||||
=008  020726d20022021iluqr\poo\\\\\0\\\a0eng\c
=FMT  \\$a  SE
=010  \\$a  2002214624
=015  \\$aGBB440545$2bnb
=019  c\$a3021977
=022  0\$a1541-4329$l1541-4329
=030  \\$aJFSEAY
=035  \\$a(OCoLC)50244801
=037  \\$bPortico$nWiley$aISSN_15414329
=040  \\$aIaAS$beng$cIaAS$dNSDP$dOUCA$dOCoLC$dDNAL$dTxCM$dMCM$dOCoLC$dDLC$dUk
=042  \\$aukblsr
=050  00$aTX364
=050  14$aTX341$b.J56
=070  0\$aTX364$b.J68
=072  \0$aT100
=082  04$a641.30071$223
=210  0\$aJ. food sci. educ.
=222  \0$aJournal of food science education
=245  00$aJournal of food science education$h[electronic resource].
=246  30$aFood science education
=246  1\$iAlso known as:$aJFSE
=260  \\$aChicago, IL :$bInstitute of Food Technologists,$c2002-2021.
=310  \\$aQuarterly
=336  \\$atext$2rdacontent
=337  \\$acomputer$2rdamedia
=338  \\$aonline resource$2rdacarrier
=362  1\$aBegan with vol. 1, issue 1 (Apr. 2002).
=362  0\$a-volume 20, issue 4 (October 2021).
=515  \\$aVol. 1, issue 1 called also inaugural issue.
=588  \\$aDescription based on: Vol. 1, issue 1 (Apr. 2002); title from journal table of contents screen (viewed July 26, 2002).
=588  \\$aLatest issue consulted: volume 20, issue 4 (October 2021)(Wiley Online Library, viewed June 1, 2022).
=540  \\$aCurrent Copyright Fee: GBP25.00$c0$5Uk
=650  \0$aFood$xStudy and teaching$vPeriodicals.
=650  \0$aFood industry and trade$xStudy and teaching$vPeriodicals.
=710  2\$aInstitute of Food Technologists.
=850  \\$aDLC
=859  \\$aELD$bejournal
=856  40$uhttp://firstsearch.oclc.org$zAddress for accessing the journal using authorization number and password through OCLC FirstSearch Electronic Collections Online
=856  40$uhttp://members.ift.org/IFT/Pubs/JFSE
=856  40$uhttp://onlinelibrary.wiley.com/journal/10.1111/(ISSN)1541-4329
=856  40$uhttp://www.blackwell-synergy.com/loi/jfse
=852  41$aBritish Library$bHMNTS$jELD Digital store$3Volume 12:Issue 1(2013:Jan.)-Volume 20:Issue 4(2021)***Previous issues available in Print
=852  41$aBritish Library$bDSC$j4984.563000$3Volume 1:Issue 1(2002)-Volume 12:Issue 4(2013)***See ESTAR for full holdings.
=945  \\$aJournal of food science education
=959  \\$fHeld but not currently received
=A02  \\$a3021977
=CAT  \\$aCONV$b00$c20040502$lBLL01$h1101
=CAT  \\$aWR12_168$c20121206$lBLL01$h1806
=CAT  \\$a12654$b40$c20140106$lBLL01$h1136
=CAT  \\$a8311$b40$c20140408$lBLL01$h0912
=CAT  \\$a8311$b40$c20140408$lBLL01$h0914
=CAT  \\$a8323$b40$c20140411$lBLL01$h0944
=CAT  \\$a14112$b40$c20140415$lBLL01$h0957
=CAT  \\$aBLDSS-3PM$b00$c20141214$lBLL01$h1513
=CAT  \\$aBATCH-UPD$b00$c20150215$lBLL01$h1606
=CAT  \\$aIPL-CLA$c20150228$lBLL01$h2029
=CAT  \\$aBATCH-UPD$b00$c20160522$lBLL01$h2337
=CAT  \\$aW1703-0316$c20170306$lBLL01$h1816
=CAT  \\$aW1703-0316$c20170307$lBLL01$h1641
=CAT  \\$aIPL-CLA$c20170307$lBLL01$h1820
=CAT  \\$aW1711-1005$c20171206$lBLL01$h1814
=CAT  \\$aBATCH-UPD$b00$c20180219$lBLL01$h1704
=CAT  \\$aBATCH-UPD$b00$c20181121$lBLL01$h1611
=CAT  \\$aIPL-CLA$c20181231$lBLL01$h1519
=CAT  \\$aR1911-0245$c20191127$lBLL01$h1037
=CAT  \\$aIPL-CLA$c20191231$lBLL01$h1525
=CAT  \\$a12654$b40$c20211026$lBLL01$h0801
=CAT  \\$aIPL-CLA$c20211231$lBLL01$h1534
=CAT  \\$aDEL-3PM$c20220105$lBLL01$h1524
=CAT  \\$a8124$b40$c20220601$lBLL01$h0833
=CAT  \\$aBATCH-CLA$b00$c20221221$lBLL01$h1603
=CAT  \\$aIPL-CLA$c20221231$lBLL01$h1431
=CFI  0\$aCurrent Copyright Fee: GBP25.00$c0$e01-jan-2023$fGBP25.00$g0$hA$5Uk
=CFI  2\$aPrevious Copyright Fee: GBP22.50$c0$e01-jan-2022$fGBP22.50$g0$hA$5Uk
=EST  \\$a1
=FIN  \\$aY
=LEO  \\$aMP10.0000321721
=MNI  \\$a1541-4329
=SRC  \\$aBLL02
=SRC  \\$aDSS01$bbibmp10.200404.2.aa
=TCO  \\$aTRS$bCCC$c008
=TOC  \\$aETOC
=UNO  \\$aY
=ACF  \\$aBritish Library not licensed to copy$c0$e01-jul-2006$hC$iCLA Excluded$5Uk
=ACF  \\$aBritish Library not licensed to copy$c0$e01-apr-2006$hC$iCLA Excluded$5Uk
=ACF  \\$aBritish Library not licensed to copy$c0$e01-jan-2006$hC$iCLA Excluded$5Uk
=ACF  \\$aBritish Library not licensed to copy$c0$e01-oct-2005$hC$iCLA Excluded$5Uk
=ACF  \\$aBritish Library not licensed to copy$c0$e01-oct-2006$hC$iCLA Excluded$5Uk
=ACF  \\$aPrevious Copyright Fee: GBP22.00$c10\0$e01-jan-2007$fGBP22.00$g0$hP$5Uk
=ACF  \\$aPrevious copyright fee: GBP24.00$c10\0$e01-mar-2015$fGBP24.00$g0$hP$5Uk
=ACF  \\$aPrevious copyright fee: GBP24.00$c35\0$e07-mar-2017$fGBP24.00$g0$hP$5Uk
=ACF  \\$aPrevious copyright fee: GBP28.00$c35\0$e01-jan-2019$fGBP28.00$g0$hP$5Uk
=ACF  \\$aPrevious Copyright Fee: zero$c35\0$e01-jan-2020$fGBP0.00$g0$hP$5Uk
=LAS  \\$aIPL-CLA$b00$c20221231$lBLL01$h1431

