=LDR  05085cas a2201165 a 4500
=001  017664687
=003  Uk
=005  20230116095726.0
=006  m\\\\\o\\d\\\\\\\\
=007  cr\|||||||||||
=008  030120d19922019enkbr\p\o\\\\\0\\\a0eng\c
=FMT  \\$a  SE
=010  \\$a  2011233272
=015  \\$aGBB5I2601$2bnb
=016  7\$a101085128$2dnlm
=022  0\$a2328-5184
=035  \\$a(OCoLC)51481077
=037  \\$aISSN_10610154_21$bPortico$nTaylor & Francis
=040  \\$aHkU$beng$cHkU$dOCoLC$dNSDP$dOCoLC$dCaQMM$dOCoLC$dIL4I4$dUkCU$dZ5A$dTxSaU$dCoB$dNLGGC$dOCoLC$dGU$dOCoLC$dDLC$dNIC$dOCoLC$dLND$dOCLCF$dUKBOL$dOCoLC$dUk
=041  1\$aeng$hrus
=042  \\$aukblsr
=043  \\$ae-ur---
=050  14$aHX542
=082  04$a301.0947$223
=084  \\$a71.00$2bcl
=210  0\$aSociol. res.$b(Armonk, N.Y. Online)
=222  \0$aSociological research$b(Armonk, N.Y. Online)
=245  00$aSociological research$h[electronic resource].
=260  \\$aArmonk, NY :$bM.E. Sharpe,$c©1992-2019.
=264  31$32015-$a[Abingdon] :$bRoutledge, Taylor & Francis Group
=310  \\$aBimonthly
=336  \\$atext$2rdacontent
=337  \\$acomputer$2rdamedia
=338  \\$aonline resource$2rdacarrier
=362  1\$aBegan with v. 31, no. 1 (Jan.-Feb. 1992).
=362  0\$a-volume 58, issue 3/4 (2019).
=546  \\$aTranslations from Russian and other language sources.
=588  \\$aDescription based on print.
=588  \\$aLatest issue consulted: volume 58, issue 3/4 (2019) (Taylor & Francis Online, viewed August 1, 2021).
=540  \\$aCurrent copyright fee: GBP25.00$c0$5Uk
=650  \0$aSociology$vPeriodicals.
=650  \7$aSocial policy.$2fast$0(OCoLC)fst01122738
=650  \7$aSociology.$2fast$0(OCoLC)fst01123875
=650  17$aSociologie.$2gtt
=651  \0$aSoviet Union$xSocial policy$vPeriodicals.
=651  \7$aSoviet Union$zFormer Soviet republics.$2fast$0(OCoLC)fst01262458
=653  \\$aSociology
=655  \7$aPeriodicals.$2fast$0(OCoLC)fst01411641
=776  08$iPrint version:$tSociological research$x1061-0154
=780  00$tSoviet sociology (Online)
=859  \\$aELD$bejournal
=856  40$uhttps://www.tandfonline.com/toc/msor20/current
=856  40$uhttp://www.mesharpe.com/mall/results1.asp$zLink no longer valid
=856  40$uhttp://www.mesharpe.com/results1.asp?ACR=SOR$zLink no longer valid
=856  4\$uhttp://firstsearch.oclc.org/journal=1061-0154;screen=info;ECOIP$zAddress for accessing the journal from an authorized IP address through OCLC FirstSearch Electronic Collections Online
=852  41$aBritish Library$bHMNTS$jELD Digital store$3Volume 55:Issue 1(2016)-Volume 60:Issue 1/3(2022)
=852  41$aBritish Library$bDSC$j8319.636000
=945  \\$aSociological research.
=959  \\$fHeld but not currently received
=979  \\$aBritish Library$bDSC$j8319.636000N
=CAT  \\$a8411$b40$c20151214$lBLL01$h1459
=CAT  \\$a11316$b40$c20151216$lBLL01$h0914
=CAT  \\$a11316$b40$c20151216$lBLL01$h0947
=CAT  \\$aIPL-CLA$c20151231$lBLL01$h1937
=CAT  \\$a14448$b40$c20160130$lBLL01$h1057
=CAT  \\$aBATCH-UPD$b40$c20160522$lBLL01$h2355
=CAT  \\$aBATCH-UPD$b40$c20161122$lBLL01$h1515
=CAT  \\$aIPL-CLA$c20161231$lBLL01$h0024
=CAT  \\$aBATCH-UPD$b00$c20171121$lBLL01$h1651
=CAT  \\$aW1711-1005$c20171206$lBLL01$h1829
=CAT  \\$aIPL-CLA$c20171231$lBLL01$h1830
=CAT  \\$aBATCH-UPD$b00$c20181217$lBLL01$h1641
=CAT  \\$aIPL-CLA$c20181231$lBLL01$h1555
=CAT  \\$aBATCH-UPD$b00$c20191122$lBLL01$h1903
=CAT  \\$aIPL-CLA$c20191231$lBLL01$h2042
=CAT  \\$a5410$b40$c20200226$lBLL01$h1139
=CAT  \\$aBATCH-UPD$b40$c20201118$lBLL01$h1337
=CAT  \\$aIPL-CLA$c20201231$lBLL01$h1533
=CAT  \\$a8124$b40$c20210801$lBLL01$h2033
=CAT  \\$aBATCH-UPD$b40$c20221121$lBLL01$h1350
=CAT  \\$a8055$b40$c20221222$lBLL01$h1549
=CAT  \\$aIPL-CLA$c20221231$lBLL01$h1453
=CAT  \\$aDEL-3PM$c20230116$lBLL01$h0957
=CFI  0\$aCurrent copyright fee: GBP25.00$c0$e01-jan-2023$fGBP25.00$g0$hA$5Uk
=CFI  2\$aPrevious copyright fee: GBP35.00$c2\0$e01-jan-2021$fGBP35.00$g0$hP$5Uk
=EST  \\$a1
=FIN  \\$aY$d20151216
=LET  \0$aSociological research (Electronic)
=LKR  \\$aPAR$b009879345$lBLL01$nSociological research (Print)$mSociological research (Online)$r776
=MNI  \\$a1061-0154
=SRC  \\$aBLL02
=TOC  \\$aETOC
=ACF  \\$aPrevious copyright fee: GBP31.50$c52\0$e17-sep-2014$fGBP31.50$g0$hP$5Uk
=ACF  \\$aPrevious copyright fee: GBP25.00$c2\0$e01-jan-2015$fGBP25.00$g0$hP$5Uk
=ACF  \\$aPrevious copyright fee: GBP26.00$c2\0$e01-jan-2016$fGBP26.00$g0$hP$5Uk
=ACF  \\$aPrevious copyright fee: GBP28.00$c2\0$e01-jan-2017$fGBP28.00$g0$hP$5Uk
=ACF  \\$aPrevious copyright fee: GBP30.00$c2\0$e01-jan-2018$fGBP30.00$g0$hP$5Uk
=ACF  \\$aPrevious copyright fee: GBP32.00$c2\0$e01-jan-2019$fGBP32.00$g0$hP$5Uk
=ACF  \\$aPrevious copyright fee: GBP34.00$c2\0$e01-jan-2020$fGBP34.00$g0$hP$5Uk
=LAS  \\$aDEL-3PM$b00$c20230116$lBLL01$h0957

