=LDR  05079cas a2201129 a 4500
=001  016869781
=003  Uk
=005  20230503130940.0
=006  m\\\\\o\\d\\\\\\\\
=007  cr\|||||||||||
=008  020711c19929999paumr\pso\\\\\0\\\a0eng\c
=FMT  \\$a  SE
=010  \\$a  2005213764
=015  \\$aGBB631065$2bnb
=022  \\$a1557-931X
=035  \\$a(OCoLC)50154504
=037  \\$aISSN_10611991_21$bPortico$nTaylor & Francis
=040  \\$aF#A$beng$cF#A$dOCLCQ$dNSD$dLGG$dOCLCQ$dGPM$dOCLCQ$dOCLCF$dOCLCO$dUk
=042  \\$aukblsr
=043  \\$ae-ur---$ae-ru---
=050  10$aISSN RECORD
=050  14$aHC10$b.P753
=082  04$a330.947$223
=130  0\$aProblems of economic transition (Online)
=222  \0$aProblems of economic transition$b(Online)
=245  10$aProblems of economic transition$h[electronic resource].
=260  \\$a[Armonk, NY] :$bBrookings Institution Press
=264  31$aPhiladelphia, PA :$bRoutledge
=310  \\$aMonthly
=336  \\$atext$2rdacontent
=337  \\$acomputer$2rdamedia
=338  \\$aonline resource$2rdacarrier
=362  1\$aPrint began with vol. 35, no. 1 (May 1992).
=500  \\$aPublished: M.E. Sharpe, <June 2005->.
=530  \\$aAlso issued in print.
=580  \\$aIncludes issues of earlier title: Problems of economics.
=588  \\$aDescription based on: Vol. 44, no. 1 (May 2001); title from journal information screen (viewed June 30, 2002).
=588  \\$aLatest issue consulted: volume 57, issue 10 (2015) (Taylor & Francis Online, viewed March 3, 2016).
=540  \\$aCurrent copyright fee: GBP25.00$c0$5Uk
=651  \0$aFormer Soviet republics$xEconomic conditions$vPeriodicals.
=651  \0$aRussia (Federation)$xEconomic conditions$vPeriodicals.
=650  \7$aEconomic history.$2fast$0(OCoLC)fst00901974
=651  \7$aRussia (Federation)$2fast$0(OCoLC)fst01262050
=651  \7$aSoviet Union$zFormer Soviet republics.$2fast$0(OCoLC)fst01262458
=655  \7$aPeriodicals.$2fast$0(OCoLC)fst01411641
=690  7\$aManagement and Business Studies$2blcoll
=776  1\$tProblems of economic transition$x1061-1991
=780  00$tProblems of economics
=859  \\$aELD$bejournal
=856  4\$uhttp://firstsearch.oclc.org/journal=1061-1991;screen=info;ECOIP$zAddress for accessing the journal from an authorized IP address through OCLC FirstSearch Electronic Collections Online
=856  42$uhttp://www.mesharpe.com/mall/results1.asp?ACR=PET$zLink no longer valid
=856  40$uhttp://www.tandfonline.com/toc/mpet20/current
=852  41$aBritish Library$bHMNTS$jELD Digital store$3Volume 58:Issue 1(2016)-Volume 63:Issue 10/12(2022)
=852  41$aBritish Library$bDSC$j6617.883050
=945  \\$aProblems of economic transition.
=CAT  \\$a12654$b40$c20140917$lBLL01$h0946
=CAT  \\$aBATCH-MBS$c20160311$lBLL01$h2111
=CAT  \\$aBATCH-UPD$b00$c20160804$lBLL01$h0315
=CAT  \\$aBATCH-UPD$b00$c20161122$lBLL01$h1515
=CAT  \\$aIPL-CLA$c20161231$lBLL01$h0019
=CAT  \\$aBATCH-UPD$b00$c20171121$lBLL01$h1650
=CAT  \\$aW1711-1005$c20171206$lBLL01$h1827
=CAT  \\$aIPL-CLA$c20171231$lBLL01$h1826
=CAT  \\$aBATCH-UPD$b00$c20181217$lBLL01$h1641
=CAT  \\$aIPL-CLA$c20181231$lBLL01$h1554
=CAT  \\$aBATCH-UPD$b00$c20191122$lBLL01$h1903
=CAT  \\$aIPL-CLA$c20191231$lBLL01$h2039
=CAT  \\$a5410$b40$c20200801$lBLL01$h2050
=CAT  \\$aBATCH-UPD$b40$c20201118$lBLL01$h1337
=CAT  \\$aIPL-CLA$c20201231$lBLL01$h1533
=CAT  \\$aBATCH-UPD$b00$c20221121$lBLL01$h1350
=CAT  \\$a8055$b40$c20221222$lBLL01$h1502
=CAT  \\$aIPL-CLA$c20221231$lBLL01$h1452
=CAT  \\$aDEL-3PM$c20230116$lBLL01$h0957
=CAT  \\$a5410$b40$c20230419$lBLL01$h1148
=CAT  \\$a5410$b40$c20230420$lBLL01$h1152
=CAT  \\$a5410$b40$c20230420$lBLL01$h1153
=CAT  \\$a5410$b40$c20230423$lBLL01$h1648
=CAT  \\$a5410$b40$c20230426$lBLL01$h1056
=CAT  \\$a5410$b40$c20230429$lBLL01$h1105
=CAT  \\$a5410$b40$c20230503$lBLL01$h1309
=CFI  0\$aCurrent copyright fee: GBP25.00$c0$e01-jan-2023$fGBP25.00$g0$hA$5Uk
=CFI  2\$aPrevious copyright fee: GBP35.00$c2\0$e01-jan-2021$fGBP35.00$g0$hP$5Uk
=EST  \\$a1
=FIN  \\$aY$d20160303
=LKR  \\$aPAR$b007871339$lBLL01$r776$mProblems of economic transition (Online)$nProblems of economic transition (Print)
=MNI  \\$a1061-1991
=SID  \\$aZ39$bOCLC
=TOC  \\$aETOC
=ACF  \\$aPrevious copyright fee: GBP31.50$c52\0$e17-sep-2014$fGBP31.50$g0$hP$5Uk
=ACF  \\$aPrevious copyright fee: GBP25.00$c2\0$e01-jan-2015$fGBP25.00$g0$hP$5Uk
=ACF  \\$aPrevious copyright fee: GBP26.00$c2\0$e01-jan-2016$fGBP26.00$g0$hP$5Uk
=ACF  \\$aPrevious copyright fee: GBP28.00$c2\0$e01-jan-2017$fGBP28.00$g0$hP$5Uk
=ACF  \\$aPrevious copyright fee: GBP30.00$c2\0$e01-jan-2018$fGBP30.00$g0$hP$5Uk
=ACF  \\$aPrevious copyright fee: GBP32.00$c2\0$e01-jan-2019$fGBP32.00$g0$hP$5Uk
=ACF  \\$aPrevious copyright fee: GBP34.00$c2\0$e01-jan-2020$fGBP34.00$g0$hP$5Uk
=LAS  \\$a5410$b40$c20230503$lBLL01$h1309

