=LDR  05510cas a2201201 a 4500
=001  016869905
=003  Uk
=005  20230416115136.0
=006  m\\\\\o\\d\\\\\\\\
=007  cr\|||||||||||
=008  030120d19922019nyumr\pso\\\\\0\\\a0eng\c
=FMT  \\$a  SE
=010  \\$a  2005213785
=015  \\$aGBB5H0132$2bnb
=022  0\$a1558-0423$l1060-9393
=035  \\$a(OCoLC)51481040
=037  \\$aISSN_10609393_21$bPortico$nTaylor & Francis
=040  \\$aHkU$beng$cHkU$dOCoLC$dCaQMU$dNSDP$dCaQMM$dOCoLC$dOCLCF$dOCLCO$dTxCM$dUk
=042  \\$aukblsr
=050  14$aL11$b.S82
=082  04$a370$223
=130  0\$aRussian education and society (Online)
=222  \0$aRussian education and society$b(Online)
=245  10$aRussian education and society$h[electronic resource].
=246  1\$iIssues for <Jan. 2004>- have title:$aRussian education & society
=264  \1$aArmonk, NY :$bM.E. Sharpe, Inc.,$c1992-
=264  31$32015- :$a[New York, NY ] :$bRoutledge, Taylor & Francis Group
=310  \\$aMonthly
=336  \\$atext$2rdacontent
=337  \\$acomputer$2rdamedia
=338  \\$aonline resource$2rdacarrier
=362  0\$a-volume 61, issue 5/6 (2019).
=362  1\$aPrint began with: Vol. 34, no. 1 (January 1992).
=538  \\$aMode of access: World Wide Web.
=546  \\$aTranslations from Russian-language periodicals, newspapers, and books.
=588  \\$aDescription based on: Volume 39, issue 1 (January 1997); title from PDF article running title (Taylor & Francis, viewed October 13, 2015).
=588  \\$aLatest issue consulted: volume 61, issue 5/6 (2019) (Taylor & Francis Online, viewed April 5, 2023).
=540  \\$aCurrent copyright fee: GBP25.00$c0$5Uk
=650  \0$aEducation$vPeriodicals.
=650  \0$aEducation$zSoviet Union$vPeriodicals.
=650  \0$aEducation$zFormer Soviet republics$vPeriodicals.
=650  \6$aÉducation$vPériodiques.
=650  \6$aÉducation$zURSS$vPériodiques.
=650  \6$aÉducation$zEx-URSS$vPériodiques.
=650  \7$aEducation.$2fast$0(OCoLC)fst00902499
=651  \7$aSoviet Union.$2fast$0(OCoLC)fst01210281
=651  \7$aSoviet Union$zFormer Soviet republics.$2fast$0(OCoLC)fst01262458
=655  \7$aPeriodicals.$2fast$0(OCoLC)fst01411641
=776  08$iPrint version:$tRussian education and society$x1060-9393
=780  00$tSoviet education
=859  \\$aELD$bejournal
=856  40$uhttp://www.tandfonline.com/loi/mres20#.Vh2GwctVhBc
=856  4\$uhttp://firstsearch.oclc.org/journal=1060-9393;screen=info;ECOIP$zAddress for accessing the journal from an authorized IP address through OCLC FirstSearch Electronic Collections Online
=856  42$uhttp://www.mesharpe.com/mall/results1.asp?ACR=RES
=852  41$aBritish Library$bHMNTS$jELD Digital store$3Volume 58:Issue 1(2016)-Volume 61:Issue 5/6(2019)
=852  \\$aBritish Library$bDSC$j8052.698000$3Volume 57:Issue 1(2015)-Volume 59:Issue 10/12(2017)
=945  \\$aRussian education and society.
=959  \\$fHeld but not currently received
=979  \\$aBritish Library$bDSC$j8052.698000
=CAT  \\$a12654$b40$c20140917$lBLL01$h1133
=CAT  \\$aIPL-CLA$c20141231$lBLL01$h1705
=CAT  \\$aBLDSS-3PM$b00$c20150215$lBLL01$h1114
=CAT  \\$aBATCH-UPD$b00$c20151119$lBLL01$h1546
=CAT  \\$a11316$b40$c20151130$lBLL01$h1433
=CAT  \\$a11316$b40$c20151130$lBLL01$h1434
=CAT  \\$a11433$b40$c20151218$lBLL01$h1405
=CAT  \\$aIPL-CLA$c20151231$lBLL01$h1936
=CAT  \\$a14448$b40$c20160201$lBLL01$h0736
=CAT  \\$aBATCH-UPD$b40$c20160522$lBLL01$h2354
=CAT  \\$aBATCH-UPD$b40$c20161122$lBLL01$h1515
=CAT  \\$aIPL-CLA$c20161231$lBLL01$h0019
=CAT  \\$aBATCH-UPD$b00$c20171121$lBLL01$h1650
=CAT  \\$aW1711-1005$c20171206$lBLL01$h1827
=CAT  \\$aIPL-CLA$c20171231$lBLL01$h1826
=CAT  \\$aBATCH-UPD$b00$c20181217$lBLL01$h1641
=CAT  \\$aIPL-CLA$c20181231$lBLL01$h1554
=CAT  \\$aW1811-111$c20190203$lBLL01$h0956
=CAT  \\$aBATCH-UPD$b00$c20191122$lBLL01$h1903
=CAT  \\$aIPL-CLA$c20191231$lBLL01$h2039
=CAT  \\$aBATCH-UPD$b00$c20201118$lBLL01$h1337
=CAT  \\$aIPL-CLA$c20201231$lBLL01$h1533
=CAT  \\$aBATCH-UPD$b00$c20221121$lBLL01$h1350
=CAT  \\$a8055$b40$c20221222$lBLL01$h1530
=CAT  \\$aIPL-CLA$c20221231$lBLL01$h1452
=CAT  \\$aDEL-3PM$c20230116$lBLL01$h0957
=CAT  \\$a8124$b40$c20230405$lBLL01$h0859
=CAT  \\$a5410$b40$c20230416$lBLL01$h1151
=CFI  0\$aCurrent copyright fee: GBP25.00$c0$e01-jan-2023$fGBP25.00$g0$hA$5Uk
=CFI  2\$aPrevious copyright fee: GBP35.00$c2\0$e01-jan-2021$fGBP35.00$g0$hP$5Uk
=EST  \\$a1
=FIN  \\$aY$d20151130
=LKR  \\$aPAR$b009863386$lBLL01$nRussian education and society (Print)$mRussian education and society (Online)$r776
=MNI  \\$a1060-9393
=SRC  \\$aBLL02
=TOC  \\$aETOC
=ACF  \\$aPrevious copyright fee: GBP18.75$c52\0$e17-sep-2014$fGBP18.75$g0$hP$5Uk
=ACF  \\$aPrevious copyright fee: GBP25.00$c2\0$e01-jan-2015$fGBP25.00$g0$hP$5Uk
=ACF  \\$aPrevious copyright fee: GBP26.00$c2\0$e01-jan-2016$fGBP26.00$g0$hP$5Uk
=ACF  \\$aPrevious copyright fee: GBP28.00$c2\0$e01-jan-2017$fGBP28.00$g0$hP$5Uk
=ACF  \\$aPrevious copyright fee: GBP30.00$c2\0$e01-jan-2018$fGBP30.00$g0$hP$5Uk
=ACF  \\$aPrevious copyright fee: GBP32.00$c2\0$e01-jan-2019$fGBP32.00$g0$hP$5Uk
=ACF  \\$aPrevious copyright fee: GBP34.00$c2\0$e01-jan-2020$fGBP34.00$g0$hP$5Uk
=LAS  \\$a5410$b40$c20230416$lBLL01$h1151

