=LDR  05143cas a2201153 a 4500
=001  016869928
=003  Uk
=005  20230116095725.0
=006  m\\\\\o\\d\\\\\\\\
=007  cr\|||||||||||
=008  040722c19929999enkbr\pso\\\\\0\\\a0eng\c
=FMT  \\$a  SE
=010  \\$a  2005214712
=015  \\$aGBB5H2528$2bnb
=022  0\$a1558-0962$y1061-1940
=035  \\$a(OCoLC)55994696
=037  \\$aISSN_10611940_21$bPortico$nTaylor & Francis
=040  \\$aOCoLC$beng$cOCoLC$dOCoLC$dNSDP$dCaQMM$dOCoLC$dOCLCF$dOCLCO$dOCoLC$dUk
=042  \\$aukblsr
=050  14$aK22$b.U78
=082  04$a349.47$223
=130  0\$aRussian politics and law (Online)
=222  \0$aRussian politics and law$b(Online)
=245  10$aRussian politics and law$h[electronic resource].
=246  30$aRussian politics & law
=260  \\$a[Armonk, NY] :$bM.E. Sharpe
=264  31$a[Abingdon] :$bRoutledge
=310  \\$aBimonthly
=336  \\$atext$2rdacontent
=337  \\$acomputer$2rdamedia
=338  \\$aonline resource$2rdacarrier
=362  1\$aPrint began with vol. 31, no. 1 (summer 1992).
=530  \\$aAlso issued in print.
=538  \\$aMode of access: World Wide Web.
=588  \\$aDescription based on: Vol. 42, no. 1 (Jan./Feb. 2004); title from journal information screen (FirstSearch, viewed July 21, 2004).
=588  \\$aLatest issue consulted: volume 53, issue 3 (2015) (Taylor & Francis Online, viewed December 4, 2015).
=540  \\$aCurrent copyright fee: GBP25.00$c0$5Uk
=650  \0$aLaw$zFormer Soviet republics$vPeriodicals.
=650  \0$aLaw$zRussia (Federation)$vPeriodicals.
=650  \7$aLaw.$2fast$0(OCoLC)fst00993678
=650  \7$aPolitics and government.$2fast$0(OCoLC)fst01919741
=651  \0$aFormer Soviet republics$xPolitics and government$vPeriodicals.
=651  \0$aRussia (Federation)$xPolitics and government$vPeriodicals.
=651  \7$aRussia (Federation)$2fast$0(OCoLC)fst01262050
=651  \7$aSoviet Union$zFormer Soviet republics.$2fast$0(OCoLC)fst01262458
=655  \7$aPeriodicals.$2fast$0(OCoLC)fst01411641
=776  1\$tRussian politics and law$x1061-1940
=780  00$tSoviet law and government
=859  \\$aELD$bejournal
=856  4\$uhttp://firstsearch.oclc.org/journal=1061-1940;screen=info;ECOIP$zAddress for accessing the journal from an authorized IP address through OCLC FirstSearch Electronic Collections Online
=856  40$uhttp://www.tandfonline.com/toc/mrup20/current
=856  42$uhttp://www.mesharpe.com/mall/results1.asp?ACR=RUP
=852  41$aBritish Library$bHMNTS$jELD Digital store$3Volume 54:Issue 1(2016)-Volume 59:Issue 4/6(2022)
=852  41$aBritish Library$bDSC$j8052.816500
=945  \\$aRussian politics and law.
=959  \\$fHeld but not currently received
=979  \\$aBritish Library$bDSC$j8052.816500N
=CAT  \\$a12654$b40$c20140917$lBLL01$h1144
=CAT  \\$a11316$b40$c20151204$lBLL01$h1109
=CAT  \\$a11316$b40$c20151204$lBLL01$h1146
=CAT  \\$a11433$b40$c20151218$lBLL01$h1722
=CAT  \\$aIPL-CLA$c20151231$lBLL01$h1936
=CAT  \\$a14448$b40$c20160201$lBLL01$h0735
=CAT  \\$aBATCH-UPD$b40$c20160522$lBLL01$h2354
=CAT  \\$a5410$b40$c20160913$lBLL01$h1407
=CAT  \\$aBATCH-UPD$b40$c20161122$lBLL01$h1515
=CAT  \\$aIPL-CLA$c20161231$lBLL01$h0019
=CAT  \\$aBATCH-UPD$b00$c20171121$lBLL01$h1650
=CAT  \\$aW1711-1005$c20171206$lBLL01$h1827
=CAT  \\$aIPL-CLA$c20171231$lBLL01$h1826
=CAT  \\$a5410$b40$c20180123$lBLL01$h0939
=CAT  \\$a5410$b40$c20180404$lBLL01$h0902
=CAT  \\$aBATCH-UPD$b40$c20181217$lBLL01$h1641
=CAT  \\$aIPL-CLA$c20181231$lBLL01$h1554
=CAT  \\$aBATCH-UPD$b00$c20191122$lBLL01$h1903
=CAT  \\$aIPL-CLA$c20191231$lBLL01$h2039
=CAT  \\$a5410$b40$c20200310$lBLL01$h1627
=CAT  \\$aBATCH-UPD$b40$c20201118$lBLL01$h1337
=CAT  \\$aIPL-CLA$c20201231$lBLL01$h1533
=CAT  \\$aBATCH-UPD$b00$c20221121$lBLL01$h1350
=CAT  \\$a8055$b40$c20221222$lBLL01$h1535
=CAT  \\$aIPL-CLA$c20221231$lBLL01$h1452
=CAT  \\$aDEL-3PM$c20230116$lBLL01$h0957
=CFI  0\$aCurrent copyright fee: GBP25.00$c0$e01-jan-2023$fGBP25.00$g0$hA$5Uk
=CFI  2\$aPrevious copyright fee: GBP35.00$c2\0$e01-jan-2021$fGBP35.00$g0$hP$5Uk
=EST  \\$a1
=FIN  \\$aY$d20151204
=LKR  \\$aPAR$b009863433$lBLL01$nRussian politics and law (Print)$mRussian politics and law (Online)$r776
=MNI  \\$a1061-1940
=SRC  \\$aBLL02
=TOC  \\$aETOC
=ACF  \\$aPrevious copyright fee: GBP31.50$c52\0$e17-sep-2014$fGBP31.50$g0$hP$5Uk
=ACF  \\$aPrevious copyright fee: GBP25.00$c2\0$e01-jan-2015$fGBP25.00$g0$hP$5Uk
=ACF  \\$aPrevious copyright fee: GBP26.00$c2\0$e01-jan-2016$fGBP26.00$g0$hP$5Uk
=ACF  \\$aPrevious copyright fee: GBP28.00$c2\0$e01-jan-2017$fGBP28.00$g0$hP$5Uk
=ACF  \\$aPrevious copyright fee: GBP30.00$c2\0$e01-jan-2018$fGBP30.00$g0$hP$5Uk
=ACF  \\$aPrevious copyright fee: GBP32.00$c2\0$e01-jan-2019$fGBP32.00$g0$hP$5Uk
=ACF  \\$aPrevious copyright fee: GBP34.00$c2\0$e01-jan-2020$fGBP34.00$g0$hP$5Uk
=LAS  \\$aDEL-3PM$b00$c20230116$lBLL01$h0957

