=LDR  05026cas a2201093 i 4500
=001  016869977
=003  Uk
=005  20230116095725.0
=006  m\\\\\o\\d\\\\\\\\
=007  cr\|||||||||||
=008  040112c19929999xxuqr\pso\\\\\0\\\a0eng\c
=FMT  \\$a  SE
=010  \\$a  2008213708
=015  \\$aGBB5H2545$2bnb
=022  0\$a1944-7167
=032  \\$a003175$bUSPS
=035  \\$a(OCoLC)54010957
=037  \\$aISSN_10611975_21$bPortico$nTaylor & Francis
=040  \\$aTxEU$beng$cTxEU$dOCoLC$dNSDP$dNBuU$dOCoLC$dOCLCF$dOCLCO$dTxCM$dUk$erda
=042  \\$aukblsr
=050  14$aPN2$b.S6
=082  04$a891.7$223
=130  0\$aRussian studies in literature (Online)
=222  \0$aRussian studies in literature$b(Online)
=245  10$aRussian studies in literature.
=264  \1$a[Armonk] :$bM.E. Sharpe
=264  31$3Vol. 51, no. 1 - :$a[Philadelphia] :$bTaylor & Francis
=310  \\$aQuarterly
=336  \\$atext$2rdacontent
=337  \\$acomputer$2rdamedia
=338  \\$aonline resource$2rdacarrier
=362  1\$aPrint began with: Vol. 28, no. 1 (winter 1991/1992).
=538  \\$aMode of access: World Wide Web.
=580  \\$aTranslations of articles from Russian publications.
=588  \\$aDescription based on: Vol. 33, no. 2 (spring 1997); title from PDF article header (Taylor & Francis, viewed October 14, 2015).
=588  \\$aLatest issue consulted: volume 51, issue 3 (2015) (Taylor & Francis Online, viewed December 4, 2015).
=540  \\$aCurrent copyright fee: GBP25.00$c0$5Uk
=650  \0$aLiterature$xHistory and criticism$vPeriodicals.
=650  \7$aLiterature.$2fast$0(OCoLC)fst00999953
=655  \7$aCriticism, interpretation, etc.$2fast$0(OCoLC)fst01411635
=655  \7$aPeriodicals.$2fast$0(OCoLC)fst01411641
=776  08$iPrint version:$tRussian studies in literature$x1061-1975
=780  00$tSoviet studies in literature
=859  \\$aELD$bejournal
=856  40$uhttp://www.tandfonline.com/loi/mrsl20#.Vh59ystVhBc
=856  4\$uhttp://firstsearch.oclc.org/journal=1061-1975;screen=info;ECOIP$zAddress for accessing the journal from an authorized IP address through OCLC FirstSearch Electronic Collections Online
=856  4\$uhttp://mesharpe.metapress.com/app/home/journal.asp?referrer=parent&backto=linkingpublicationresults,1:110922,1&linkin=633529237934630241$zLink no longer valid
=856  40$uhttp://www.tandfonline.com/toc/mrsl20/current
=852  41$aBritish Library$bHMNTS$jELD Digital store$3Volume 52:Number 1(2016)-Volume 56:Number 3/4(2020)
=852  41$aBritish Library$bDSC$j8052.931000
=945  \\$aRussian studies in literature.
=CAT  \\$a12654$b40$c20140917$lBLL01$h1234
=CAT  \\$a12654$b40$c20141106$lBLL01$h1449
=CAT  \\$a5552$b40$c20141118$lBLL01$h0851
=CAT  \\$aIPL-CLA$c20141231$lBLL01$h1705
=CAT  \\$aBLDSS-3PM$b00$c20150215$lBLL01$h1114
=CAT  \\$aBATCH-UPD$b00$c20151119$lBLL01$h1546
=CAT  \\$a11316$b40$c20151204$lBLL01$h1334
=CAT  \\$a11433$b40$c20151218$lBLL01$h1645
=CAT  \\$aIPL-CLA$c20151231$lBLL01$h1936
=CAT  \\$a14448$b40$c20160201$lBLL01$h0733
=CAT  \\$aBATCH-UPD$b40$c20160620$lBLL01$h0228
=CAT  \\$aBATCH-UPD$b40$c20161122$lBLL01$h1515
=CAT  \\$aIPL-CLA$c20161231$lBLL01$h0019
=CAT  \\$aBATCH-UPD$b00$c20171121$lBLL01$h1650
=CAT  \\$aW1711-1005$c20171206$lBLL01$h1827
=CAT  \\$aIPL-CLA$c20171231$lBLL01$h1826
=CAT  \\$aBATCH-UPD$b00$c20181217$lBLL01$h1641
=CAT  \\$aIPL-CLA$c20181231$lBLL01$h1554
=CAT  \\$aBATCH-UPD$b00$c20191122$lBLL01$h1903
=CAT  \\$aIPL-CLA$c20191231$lBLL01$h2039
=CAT  \\$aBATCH-UPD$b00$c20201118$lBLL01$h1337
=CAT  \\$aIPL-CLA$c20201231$lBLL01$h1533
=CAT  \\$aBATCH-UPD$b00$c20221121$lBLL01$h1350
=CAT  \\$a8055$b40$c20221222$lBLL01$h1542
=CAT  \\$aIPL-CLA$c20221231$lBLL01$h1452
=CAT  \\$aDEL-3PM$c20230116$lBLL01$h0957
=CFI  0\$aCurrent copyright fee: GBP25.00$c0$e01-jan-2023$fGBP25.00$g0$hA$5Uk
=CFI  2\$aPrevious copyright fee: GBP35.00$c2\0$e01-jan-2021$fGBP35.00$g0$hP$5Uk
=EST  \\$a1
=FIN  \\$aY$d20151204
=LET  \0$aRussian studies in literature (Electronic)
=LKR  \\$aPAR$b009863454$lBLL01$nRussian studies in literature (Print)$mRussian studies in literature (Online)$r776
=MNI  \\$a1061-1975
=SRC  \\$aBLL02
=TOC  \\$aETOC
=ACF  \\$aPrevious copyright fee: GBP47.00$c52\0$e17-sep-2014$fGBP47.00$g0$hP$5Uk
=ACF  \\$aPrevious copyright fee: GBP25.00$c2\0$e01-jan-2015$fGBP25.00$g0$hP$5Uk
=ACF  \\$aPrevious copyright fee: GBP26.00$c2\0$e01-jan-2016$fGBP26.00$g0$hP$5Uk
=ACF  \\$aPrevious copyright fee: GBP28.00$c2\0$e01-jan-2017$fGBP28.00$g0$hP$5Uk
=ACF  \\$aPrevious copyright fee: GBP30.00$c2\0$e01-jan-2018$fGBP30.00$g0$hP$5Uk
=ACF  \\$aPrevious copyright fee: GBP32.00$c2\0$e01-jan-2019$fGBP32.00$g0$hP$5Uk
=ACF  \\$aPrevious copyright fee: GBP34.00$c2\0$e01-jan-2020$fGBP34.00$g0$hP$5Uk
=LAS  \\$aDEL-3PM$b00$c20230116$lBLL01$h0957

