=LDR  05613cas a2201177 a 4500
=001  015331166
=003  Uk
=005  20230511162959.0
=006  m\\\\\\\\d\\\\\\\\
=007  cr\cnu||||||||
=008  030815c19909999gauqr\p\s\\\\\0\\\a0eng\c
=FMT  \\$a  SE
=010  \\$a2003215449
=015  \\$aGBB048097$2bnb
=022  0\$a1546-0126$l1048-5236$y1048-5236$21
=035  \\$a(OCoLC)52856891
=037  \\$aISSN_10485236$bPortico$nTaylor & Francis
=040  \\$aNSD$cNSD$dOCLCQ$dOCL$dOCLCQ$dMYG$dOCLCQ$dUk
=042  \\$ansdp$apcc$aukblsr
=050  14$aHD9502.A1$bE5347
=082  04$a333.79$222
=130  0\$aStrategic planning for energy and the environment (Online)
=210  0\$aStrateg. plan. energy environ.$b(Online)
=222  \0$aStrategic planning for energy and the environment$b(Online)
=245  10$aStrategic planning for energy and the environment$h[electronic resource].
=260  \\$aLilburn, GA :$bAssociation of Energy Engineers
=260  3\$a[S.l.] :$bTaylor & Francis
=310  \\$aQuarterly
=336  \\$atext$2rdacontent
=337  \\$acomputer$2rdamedia
=338  \\$aonline resource$2rdacarrier
=362  1\$aPrint began with: Vol. 9, no. 4 (spring 1990).
=500  \\$aDescription based on: Vol. 28, no. 1 (2008); title from title screen (Informaworld, viewed July 2, 2009).
=500  \\$aLatest issue consulted: volume 35, issue 4 (2016) (Taylor & Francis Online, viewed March 4, 2016).
=530  \\$aAlso issued in print.
=540  \\$aCurrent Copyright Fee: GBP42.55$c0$5Uk
=650  \0$aEnergy policy$vPeriodicals.
=650  \0$aEnvironmental policy$vPeriodicals.
=710  2\$aAssociation of Energy Engineers.
=776  1\$tStrategic planning for energy and the environment$x1048-5236
=859  \\$aELD$bejournal
=856  4\$uhttp://aeecenter.metapress.com/app/home/journal.asp?referrer=parent&backto=browsepublicationsresults,4,4;$zLink no longer valid
=856  40$uhttp://www.informaworld.com/openurl?genre=journal&issn=1048-5236
=856  40$uhttp://www.tandfonline.com/toc/ustp20/current
=852  41$aBritish Library$bHMNTS$jELD Digital store$3Volume 35:Issue 4(2016)-Volume 38:Issue 4(2018)
=852  41$aBritish Library$bDSC$j8474.031545$3Volume 26:Issue 4(2007)-Volume 37:Issue 2(2017)***See ESTAR for full holdings.
=945  \\$aStrategic planning for energy and the environment
=959  \\$fHeld but not currently received
=979  \\$aBritish Library$bDSC$j8474.031545
=CAT  \\$a8464$b40$c20090721$lBLL01$h1404
=CAT  \\$a5552$b40$c20160304$lBLL01$h0803
=CAT  \\$a11316$b40$c20160304$lBLL01$h1115
=CAT  \\$aIPL-CLA$c20160331$lBLL01$h1755
=CAT  \\$aBATCH-UPD$b00$c20160525$lBLL01$h1358
=CAT  \\$aBATCH-UPD$b00$c20161122$lBLL01$h1506
=CAT  \\$aIPL-CLA$c20161230$lBLL01$h2333
=CAT  \\$aBATCH-UPD$b00$c20171121$lBLL01$h1656
=CAT  \\$aW1711-1005$c20171206$lBLL01$h1822
=CAT  \\$aIPL-CLA$c20171231$lBLL01$h1754
=CAT  \\$aBATCH-UPD$b00$c20181217$lBLL01$h1645
=CAT  \\$aIPL-CLA$c20181231$lBLL01$h1549
=CAT  \\$aW1811-111$c20190203$lBLL01$h0956
=CAT  \\$a12654$b40$c20191104$lBLL01$h0810
=CAT  \\$a12654$b40$c20191104$lBLL01$h0811
=CAT  \\$a12654$b40$c20191104$lBLL01$h0812
=CAT  \\$a12654$b40$c20191104$lBLL01$h0815
=CAT  \\$a12654$b40$c20191104$lBLL01$h0821
=CAT  \\$aIPL-CLA$c20191231$lBLL01$h2019
=CAT  \\$aDEL-3PM$c20200108$lBLL01$h0853
=CAT  \\$aBATCH-CLA$b00$c20201204$lBLL01$h1602
=CAT  \\$aIPL-CLA$c20201231$lBLL01$h1531
=CAT  \\$aBATCH-CLA$b00$c20221221$lBLL01$h1917
=CAT  \\$aIPL-CLA$c20221231$lBLL01$h1450
=CAT  \\$a5410$b40$c20230407$lBLL01$h1433
=CAT  \\$a12654$b40$c20230412$lBLL01$h0730
=CAT  \\$aBATCH-FIX$c20230511$lBLL01$h1629
=CFI  0\$aCurrent Copyright Fee: GBP42.55$c0$e12-apr-2023$fGBP42.55$g0$hC$5Uk
=CFI  2\$aPrevious Copyright Fee: GBP25.00$c0$e01-jan-2023$fGBP25.00$g0$hA$5Uk
=EST  \\$a1
=FIN  \\$aY$d20100407
=LKR  \\$aPAR$b010502134$lBLL01$r776$mStrategic planning for energy and the environment (Online)$nStrategic planning for energy and the environment (Print)
=MNI  \\$a1048-5236
=SID  \\$aZ39$bOCLC
=TCO  \\$aTRS$bCCC$c008
=TOC  \\$aETOC
=ACF  \\$aPrevious Copyright Fee: GBP22.50$c0$e01-jan-2021$fGBP22.50$g0$hA$5Uk
=ACF  \\$aPrevious copyright fee: GBP21.00$c2\0$e01-jan-2011$fGBP21.00$g0$hP$5Uk
=ACF  \\$aPrevious copyright fee: GBP17.00$c2\0$e01-jan-2010$fGBP17.00$g0$hP$5Uk
=ACF  \\$aPrevious copyright fee: GBP16.00$c2\0$e21-jul-2009$fGBP16.00$g0$hP$5Uk
=ACF  \\$aPrevious copyright fee: GBP23.00$c2\0$e01-jan-2012$fGBP23.00$g0$hP$5Uk
=ACF  \\$aPrevious copyright fee: GBP27.00$c2\0$e09-nov-2012$fGBP27.00$g0$hP$5Uk
=ACF  \\$aPrevious copyright fee: GBP27.50$c2\0$e01-jan-2013$fGBP27.50$g0$hP$5Uk
=ACF  \\$aPrevious copyright fee: GBP28.00$c2\0$e01-jan-2014$fGBP28.00$g0$hP$5Uk
=ACF  \\$aPrevious copyright fee: GBP30.00$c2\0$e01-jan-2015$fGBP30.00$g0$hP$5Uk
=ACF  \\$aPrevious copyright fee: GBP34.00$c2\0$e01-jan-2016$fGBP34.00$g0$hP$5Uk
=ACF  \\$aPrevious copyright fee: GBP31.00$c2\0$e01-apr-2016$fGBP31.00$g0$hP$5Uk
=ACF  \\$aPrevious copyright fee: GBP33.00$c2\0$e01-jan-2017$fGBP33.00$g0$hP$5Uk
=ACF  \\$aPrevious copyright fee: GBP35.00$c2\0$e01-jan-2018$fGBP35.00$g0$hP$5Uk
=ACF  \\$aPrevious copyright fee: GBP37.00$c2\0$e01-jan-2019$fGBP37.00$g0$hP$5Uk
=ACF  \\$aPrevious copyright fee: GBP20.00$c0$e01-jan-2020$fGBP20.00$g0$hA$5Uk
=LAS  \\$aBATCH-FIX$b00$c20230511$lBLL01$h1629

