=LDR  05549cas a2201213 a 4500
=001  015633895
=003  Uk
=005  20221231145037.0
=006  m\\\\\o\\d\\\\\\\\
=007  cr\|||||||||||
=008  990917c19869999xxuqr\pso\o\\\0\\\a0eng\c
=FMT  \\$a  SE
=010  \\$asn 99004669
=015  \\$aGBB349346$2bnb
=022  0\$a1527-2001$l0887-5367$y0887-5367$202
=035  \\$a(OCoLC)42388138$z(OCoLC)39031313$z(OCoLC)44208551$z(OCoLC)50010297
=037  \\$bProject Muse, The Johns Hopkins University Press, 2715 N. Charles Street, Baltimore, Maryland 21211$a???
=037  \\$aISSN_08875367$bPortico$nWiley
=037  3\$aISSN_08875367_30$bPortico$nCambridge University Press
=040  \\$aJHE$cJHE$dNSD$dGUA$dOCLCQ$dEYM$dOCLCQ$dF#A$dOCLCQ$dEYM$dOCLCQ$dUk
=042  \\$aissnuk$aukblsr
=043  \\$an-us---
=050  14$aHQ1101$b.H96
=082  10$a305.4201$222
=130  0\$aHypatia (Online)
=210  0\$aHypatia$b(Edwardsv. Ill., Online)
=222  \0$aHypatia$b(Edwardsville, Ill. Online)
=245  10$aHypatia$h[electronic resource] :$ba journal of feminist philosophy.
=260  \\$aEdwardsville, Ill. :$bHypatia, Inc.,$c1986-
=260  2\$a[S.l.] :$bWiley-Blackwell
=264  31$aNew York :$bCambridge University Press
=310  \\$aQuarterly
=336  \\$atext$2rdacontent
=337  \\$acomputer$2rdamedia
=338  \\$aonline resource$2rdacarrier
=362  0\$aVol. 1, no. 1 (spring 1986)-
=500  \\$aTitle from cover (JSTOR, viewed Apr. 18, 2007).
=500  \\$aPublished: Bloomington, Ind. : Indiana University Press, spring 1988-.
=588  \\$aLatest issue consulted: Vol. 35 issue 3 (summer 2020) (Cambridge Core, viewed September 8, 2020).
=538  \\$aMode of access: World Wide Web.
=540  \\$aBritish Library not licensed to copy$c0$5Uk
=650  \0$aFeminist theory$vPeriodicals.
=650  \0$aFeminism$zUnited States$vPeriodicals.
=650  \0$aFemininity (Philosophy)$vPeriodicals.
=690  7\$aSocial Welfare$2blcoll
=776  08$iAlso issued in print:$tHypatia$x0887-5367
=859  \\$aELD$bejournal
=856  40$uhttps://www.cambridge.org/core/journals/hypatia
=856  4\$uhttp://firstsearch.oclc.org/journal=0887-5367;screen=info;ECOIP$zAddress for accessing the journal from an authorized IP address through OCLC FirstSearch Electronic Collections Online
=856  40$uhttp://muse.jhu.edu/journals/hyp
=856  40$uhttp://onlinelibrary.wiley.com/journal/10.1111/(ISSN)1527-2001
=856  40$uhttp://www.jstor.org/journals/08875367.html
=852  41$aBritish Library$bHMNTS$jELD Digital store$3Volume 28:Number 2(2013:Summer)-***Previous issues available in print copy
=852  41$aBritish Library$bDSC$j4352.621500$3Volume 25:Issue 1(2010)-Volume 34:Issue 4(2019)***See ESTAR for full holdings.
=945  \\$aHypatia -Edwardsville- Indiana University Press-
=979  \\$aBritish Library$bDSC$j4352.621500
=985  \\$aISSN transferred from U.S. to UK (06/10/20)
=CAT  \\$a11033$b40$c20100824$lBLL01$h1431
=CAT  \\$a15005$b40$c20191210$lBLL01$h1138
=CAT  \\$a8055$b40$c20200120$lBLL01$h1446
=CAT  \\$a8055$b40$c20200120$lBLL01$h1449
=CAT  \\$a5410$b40$c20200122$lBLL01$h1412
=CAT  \\$aDEL-3PM$c20200127$lBLL01$h0848
=CAT  \\$a12654$b40$c20200127$lBLL01$h1436
=CAT  \\$a12654$b40$c20200210$lBLL01$h1444
=CAT  \\$a5552$b40$c20200212$lBLL01$h0915
=CAT  \\$a5410$b40$c20200219$lBLL01$h0846
=CAT  \\$aBLDSS-3PM$b00$c20200220$lBLL01$h1523
=CAT  \\$aBATCH-UPD$b00$c20200220$lBLL01$h1523
=CAT  \\$a14586$b40$c20200617$lBLL01$h1104
=CAT  \\$a8483$b40$c20200908$lBLL01$h1215
=CAT  \\$a8483$b40$c20200908$lBLL01$h1216
=CAT  \\$a8483$b40$c20200908$lBLL01$h1219
=CAT  \\$a8055$b40$c20200916$lBLL01$h1053
=CAT  \\$aDEL-3PM$c20200922$lBLL01$h1026
=CAT  \\$a10806$b40$c20200924$lBLL01$h0929
=CAT  \\$a10806$b40$c20201006$lBLL01$h0805
=CAT  \\$aBATCH-CLA$b00$c20201203$lBLL01$h1348
=CAT  \\$aIPL-CLA$c20201231$lBLL01$h1531
=CAT  \\$aBATCH-CLA$b00$c20210328$lBLL01$h1306
=CAT  \\$aIPL-CLA$c20210331$lBLL01$h1702
=CAT  \\$aBATCH-CLA$b00$c20221206$lBLL01$h1654
=CAT  \\$aIPL-CLA$c20221231$lBLL01$h1450
=CFI  0\$aBritish Library not licensed to copy$c0$e01-jan-2023$hC$iCFP Excluded$5Uk
=CFI  2\$aPrevious Copyright Fee: GBP22.50$c0$e01-apr-2021$fGBP22.50$g0$hC$5Uk
=EST  \\$a1
=FIN  \\$aY$d20100921
=LET  \0$aHypatia (Electronic)
=LKR  \\$aPAR$b009208604$lBLL01$r776$mHypatia (Edwardsville, Ill. Online)$nHypatia (Edwardsville, Ill)
=MNI  \\$a0887-5367
=SID  \\$aZ39$bOCLC
=TCO  \\$aTRS$bCCC$c008
=TOC  \\$aETOC
=UNO  \\$aY
=ACF  \\$aPrevious copyright fee: GBP17.00$c35\0$e24-aug-2010$fGBP17.00$g0$hP$5Uk
=ACF  \\$aPrevious copyright fee: GBP22.00$c35\0$e01-jan-2011$fGBP22.00$g0$hP$5Uk
=ACF  \\$aPrevious copyright fee: GBP32.00$c35\0$e12-feb-2020$fGBP20.00$g0$hP$5Uk
=ACF  \\$aPrevious copyright fee: GBP20.00$c0$e10-feb-2020$fGBP20.00$g0$hA$5Uk
=ACF  \\$aPrevious copyright fee: GBP18.00$c0$e27-jan-2019$fGBP18.00$g0$hC$5Uk
=ACF  \\$aPrevious copyright fee: GBP28.00$c35\0$e01-jan-2019$fGBP28.00$g0$hP$5Uk
=ACF  \\$aPrevious copyright fee: GBP24.00$c35\0$e01-mar-2015$fGBP24.00$g0$hP$5Uk
=ACF  \\$aPrevious copyright fee: GBP20.00$c0$e16-sep-2020$fGBP20.00$g0$hA$5Uk
=ACF  \\$aPrevious Copyright Fee: GBP10.00$c0$e01-jan-2021$fGBP10.00$g0$hC$5Uk
=LAS  \\$aIPL-CLA$b00$c20221231$lBLL01$h1450

