=LDR  05807cas a2201273 a 4500
=001  015800553
=003  Uk
=005  20230817154424.0
=006  m\\\\\\\\d\\\\\\\\
=007  cr\|||||||||||
=008  010523c19979999enk\x\pso\\\\\0\\\a0eng\c
=FMT  \\$a  SE
=010  \\$a2001252655
=015  \\$aGBB5F3991$2bnb
=022  \\$a1678-4804
=030  \\$aJBCSB3
=035  \\$a(OCoLC)46997909
=037  \\$a???$bSpringer
=040  \\$aWAU$beng$cWAU$dCAS$dOCLCQ$dORU$dOCLCQ$dCGU$dDLC$dOCLCQ$dUk
=042  \\$aukblsr
=050  14$aQA75.5
=082  04$a004.05$223
=130  0\$aJournal of the Brazilian Computer Society (Online)
=210  00$aJ. Braz. Comp. Soc.
=222  \0$aJournal of the Brazilian Computer Society$b(Online)
=245  10$aJournal of the Brazilian Computer Society$h[electronic resource] :$bpublication of the Sociedade Brasileira de Computação.
=260  \\$aPorto Alegre, RS, Brazil :$bSociedade Brasileira de Computação,$c[1997]-
=260  2\$aLondon :$bSpringer
=264  31$32022-$aPorto Alegre :$bSociedade Brasileira de Computaçao
=321  \\$aFour issues a year,$b-2013
=321  \\$aThree issues a year
=336  \\$atext$2rdacontent
=337  \\$acomputer$2rdamedia
=338  \\$aonline resource$2rdacarrier
=362  0\$aVol. 3, no. 3 (Apr. 1997)-
=500  \\$aTitle from journal home page (viewed May 23, 2001).
=515  \\$aFrom 2014-, articles added consecutively to current open access annual volume.
=530  \\$aAlso issued in print.
=538  \\$aMode of access: World Wide Web.
=588  \\$aLatest issue consulted: volume29, number 1 (2023)(SBCOpenLib, viewed August17, 2023).
=540  \\$aBritish Library not licensed to copy$c0$5Uk
=650  \0$aComputer science$vPeriodicals.
=650  \0$aComputers$vPeriodicals.
=710  2\$aSociedade Brasileira de Computação.
=776  08$iAlso available in a print ed.:$tJournal of the Brazilian Computer Society$x0104-6500
=780  00$tRevista Brasileira de computação
=859  \\$aELD$bejournal
=856  40$uhttp://bibpurl.oclc.org/web/7800
=856  4\$uhttp://www.scielo.br/scielo.php?script=sciserial&pid=0104-6500&lng=en&nrm=iso$zLink no longer valid
=856  40$uhttp://www.springerlink.com/content/0104-6500/
=856  40$uhttps://sol.sbc.org.br/journals/index.php/jbcs/
=852  41$aBritish Library$bHMNTS$jELD Digital store$3Volume 21:Issue 1(2015)-Volume 25:Issue 1(2019)
=852  41$aBritish Library$bDSC$j4712.055000$3Volume 10:Issue 1(2004)-Volume 19:Issue 4(2013)***See ESTAR for full holdings.
=945  \\$aJournal- Brazilian Computer Society
=959  \\$fHeld but not currently received
=CAT  \\$a12500$b40$c20110504$lBLL01$h1220
=CAT  \\$aIPL-CLA$c20150930$lBLL01$h1841
=CAT  \\$a11316$b40$c20151026$lBLL01$h1513
=CAT  \\$a11316$b40$c20151026$lBLL01$h1514
=CAT  \\$a11433$b40$c20151114$lBLL01$h1028
=CAT  \\$aBATCH-UPD$b40$c20160217$lBLL01$h1730
=CAT  \\$aIPL-CLA$c20160331$lBLL01$h1804
=CAT  \\$aBATCH-UPD$b00$c20160524$lBLL01$h2214
=CAT  \\$aBATCH-UPD$b00$c20160525$lBLL01$h0052
=CAT  \\$aBATCH-UPD$b00$c20160824$lBLL01$h1756
=CAT  \\$aIPL-CLA$c20160930$lBLL01$h1633
=CAT  \\$aBATCH-UPD$b00$c20170216$lBLL01$h1845
=CAT  \\$aIPL-CLA$c20170331$lBLL01$h1910
=CAT  \\$aBATCH-UPD$b00$c20170904$lBLL01$h1854
=CAT  \\$aIPL-CLA$c20170929$lBLL01$h1756
=CAT  \\$aW1711-1005$c20171206$lBLL01$h1823
=CAT  \\$aBATCH-UPD$b00$c20180223$lBLL01$h1726
=CAT  \\$aIPL-CLA$c20180331$lBLL01$h1654
=CAT  \\$a5552$b40$c20180403$lBLL01$h1422
=CAT  \\$a5552$b40$c20180821$lBLL01$h1434
=CAT  \\$a5410$b40$c20211013$lBLL01$h1034
=CAT  \\$a12654$b40$c20211111$lBLL01$h1130
=CAT  \\$aIPL-CLA$c20211231$lBLL01$h1545
=CAT  \\$aDEL-3PM$c20220105$lBLL01$h1525
=CAT  \\$aBATCH-CLA$b00$c20220329$lBLL01$h1632
=CAT  \\$aIPL-CLA$c20220331$lBLL01$h1952
=CAT  \\$a8124$b40$c20230817$lBLL01$h1544
=CFI  0\$aBritish Library not licensed to copy$c0$e01-apr-2022$hC$iCFP Excluded$5Uk
=CFI  2\$aPrevious copyright fee: GBP22.50$c0$e01-jan-2022$fGBP22.50$g0$hA$5Uk
=EST  \\$a1
=FIN  \\$aY$d20110525
=MNI  \\$a0104-6500
=SID  \\$aZ39$bOCLC
=TCO  \\$aCLA$bCLA$c008
=TCO  \\$aXXX$c008
=TOC  \\$aETOC
=UNO  \\$aY
=ACF  \\$aPrevious copyright fee: GBP22.00$c22\3$e04-may-2011$fGBP22.00$g0$hP$5Uk
=ACF  \\$aPrevious copyright fee: GBP22.00$c22\3$e12-aug-2012$fGBP22.00$g0$hP$5Uk
=ACF  \\$aPrevious copyright fee: GBP25.00$c22\3$e01-jan-2013$fGBP25.00$g0$hP$5Uk
=ACF  \\$aPrevious copyright fee: GBP25.77$c22\3$e01-jul-2013$fGBP25.77$g0$hP$5Uk
=ACF  \\$aPrevious copyright fee: GBP24.97$c22\3$e01-jan-2014$fGBP24.97$g0$hP$5Uk
=ACF  \\$aPrevious copyright fee: GBP24.21$c22\3$e01-jul-2014$fGBP24.21$g0$hP$5Uk
=ACF  \\$aPrevious copyright fee: GBP25.77$c22\3$e01-apr-2015$fGBP25.77$g0$hP$5Uk
=ACF  \\$aPrevious copyright fee: GBP26.63$c22\3$e01-jul-2015$fGBP26.63$g0$hP$5Uk
=ACF  \\$aPrevious copyright fee: GBP25.77$c22\3$e01-oct-2015$fGBP25.77$g0$hP$5Uk
=ACF  \\$aPrevious copyright fee: GBP27.55$c22\3$e01-apr-2016$fGBP27.55$g0$hP$5Uk
=ACF  \\$aPrevious copyright fee: GBP29.59$c22\3$e01-oct-2016$fGBP29.59$g0$hP$5Uk
=ACF  \\$aPrevious copyright fee: GBP31.96$c22\3$e01-apr-2017$fGBP31.96$g0$hP$5Uk
=ACF  \\$aPrevious copyright fee: zero$c22\3$e03-apr-2018$fGBP0.00$g0$hP$5Uk
=ACF  \\$aPrevious copyright fee: GBP28.54$c22\3$e01-apr-2018$fGBP28.54$g0$hP$5Uk
=ACF  \\$aPrevious copyright fee: GBP30.73$c22\3$e01-oct-2017$fGBP30.73$g0$hP$5Uk
=ACF  \\$aPrevious copyright fee: zero$c22\1$e21-aug-2018$fGBP0.00$g0$hP$5Uk
=LAS  \\$a8124$b40$c20230817$lBLL01$h1544

