=LDR  05690cas a2201165 a 4500
=001  015831423
=003  Uk
=005  20221231145058.0
=006  m\\\\\\\\d\\\\\\\\
=007  cr\|||||||||||
=008  100726c20119999pauqr\p\o\\\\\|\\\a0eng\\
=FMT  \\$a  SE
=010  \\$a2010202434
=015  \\$aGBB656670$2bnb
=022  \\$a2156-6550$y2156-3306
=035  \\$a(OCoLC)650075589
=037  \\$aISSN_21563306$bPortico$nTaylor & Francis
=040  \\$aDLC$cDLC$dDLC$dBUF$dDLC$dUk
=042  \\$ansdp$aukblsr
=082  04$a333.7932$222
=130  0\$aDistributed generation and alternative energy journal (Online)
=222  \0$aDistributed generation and alternative energy journal$b(Online)
=245  10$aDistributed generation and alternative energy journal$h[electronic resource].
=246  1\$aDG&AE
=260  \\$a[Philadelphia, PA] :$bTaylor & Francis
=310  \\$aQuarterly
=336  \\$atext$2rdacontent
=337  \\$acomputer$2rdamedia
=338  \\$aonline resource$2rdacarrier
=362  1\$aBegan with v. 26, no. 1 (Jan. 2011).
=588  \\$aDescription based on vol. 26, no. 1 (Jan. 2011); title from available issues screen (informaworld, viewed Apr. 20, 2011).
=588  \\$aLatest issue consulted: volume 31, issue 2 (2016) (Taylor & Francis Online, viewed April 26, 2016).
=540  \\$aBritish Library not licensed to copy$c0$5Uk
=650  \0$aDistributed generation of electric power$vPeriodicals.
=650  \0$aCogeneration of electric power and heat$vPeriodicals.
=650  \0$aRenewable energy sources$xTechnological innovations$vPeriodicals.
=650  \0$aEnergy development$vPeriodicals.
=650  \0$aPower resources$vPeriodicals.
=650  \0$aEnvironmental protection$vPeriodicals.
=710  2\$aAssociation of Energy Engineers.
=776  08$iPrint version:$tDistributed generation and alternative energy journal$x2156-3306
=780  00$tCogeneration and distributed generation journal (Online)$x1545-7575
=856  40$uhttp://www.informaworld.com/openurl?genre=journal&issn=2156-3306
=856  40$uhttp://www.tandfonline.com/toc/ucgn21/current$zIncludes issues of earlier title
=856  40$uhttp://www.tandf.co.uk/journals/titles/21563306.asp
=859  \\$aELD$bejournal
=852  41$aBritish Library$bHMNTS$jELD Digital store$3Volume 31:Issue 1(2016)-Volume 34:Issue 1(2019)
=852  41$aBritish Library$bDSC$j3602.662255$3Volume 26:Issue 1(2011)-Volume 26:Issue 4(2011)***See ESTAR for full holdings.
=945  \\$aDistributed generation and alternative energy journal
=959  \\$fHeld but not currently received
=CAT  \\$a12500$b40$c20110622$lBLL01$h1222
=CAT  \\$aBATCH-UPD$b00$c20141124$lBLL01$h1755
=CAT  \\$aBLDSS-3PM$b00$c20141130$lBLL01$h1250
=CAT  \\$aIPL-CLA$c20141231$lBLL01$h1702
=CAT  \\$aBATCH-UPD$b00$c20151119$lBLL01$h1536
=CAT  \\$aIPL-CLA$c20151231$lBLL01$h1933
=CAT  \\$a8478$b40$c20160205$lBLL01$h1043
=CAT  \\$a5552$b40$c20160301$lBLL01$h0910
=CAT  \\$aWR16_048$c20160322$lBLL01$h1614
=CAT  \\$aIPL-CLA$c20160331$lBLL01$h1804
=CAT  \\$a5997$b40$c20160426$lBLL01$h1532
=CAT  \\$aBATCH-UPD$b40$c20160726$lBLL01$h2027
=CAT  \\$aBATCH-UPD$b40$c20161122$lBLL01$h1506
=CAT  \\$aIPL-CLA$c20161230$lBLL01$h2355
=CAT  \\$aBATCH-UPD$b00$c20171121$lBLL01$h1656
=CAT  \\$aW1711-1005$c20171206$lBLL01$h1823
=CAT  \\$aIPL-CLA$c20171231$lBLL01$h1808
=CAT  \\$aBATCH-UPD$b00$c20181217$lBLL01$h1645
=CAT  \\$aIPL-CLA$c20181231$lBLL01$h1551
=CAT  \\$a12654$b40$c20191104$lBLL01$h0817
=CAT  \\$aIPL-CLA$c20191231$lBLL01$h2028
=CAT  \\$aDEL-3PM$c20200108$lBLL01$h0853
=CAT  \\$aBATCH-CLA$b00$c20200922$lBLL01$h1636
=CAT  \\$aIPL-CLA$c20200930$lBLL01$h1645
=CAT  \\$aBATCH-CLA$b00$c20221206$lBLL01$h1805
=CAT  \\$aIPL-CLA$c20221231$lBLL01$h1450
=CFI  0\$aBritish Library not licensed to copy$c0$e01-jan-2023$hC$iCFP Excluded$5Uk
=CFI  2\$aPrevious Copyright Fee: GBP42.55$c0$e01-oct-2020$fGBP42.55$g0$hC$5Uk
=EST  \\$a1
=FIN  \\$aY$d20110712
=LET  \0$aDistributed generation and alternative energy journal
=LKR  \\$aPAR$b015331121$lBLL01$r78000$mDistributed generation and alternative energy journal (Online)$nCogeneration and distributed generation journal (Online)
=LKR  \\$aPAR$b015733061$lBLL01$r776$mDistributed generation and alternative energy journal (Online)$nDistributed generation and alternative energy journal (Print)
=MNI  \\$a2156-3306
=SID  \\$aZ39$bOCLC
=TCO  \\$aTRS$bCCC$c008
=TOC  \\$aETOC
=ACF  \\$aPrevious copyright fee: GBP21.00$c2\0$e22-jun-2011$fGBP21.00$g0$hP$5Uk
=ACF  \\$aPrevious copyright fee: GBP23.00$c2\0$e01-jan-2012$fGBP23.00$g0$hP$5Uk
=ACF  \\$aPrevious copyright fee: GBP27.00$c2\0$e08-nov-2012$fGBP27.00$g0$hP$5Uk
=ACF  \\$aPrevious copyright fee: GBP27.50$c2\0$e01-jan-2013$fGBP27.50$g0$hP$5Uk
=ACF  \\$aPrevious copyright fee: GBP28.00$c2\0$e01-jan-2014$fGBP28.00$g0$hP$5Uk
=ACF  \\$aPrevious copyright fee: GBP30.00$c2\0$e01-jan-2015$fGBP30.00$g0$hP$5Uk
=ACF  \\$aPrevious copyright fee: GBP34.00$c2\0$e01-jan-2016$fGBP34.00$g0$hP$5Uk
=ACF  \\$aPrevious copyright fee: GBP31.00$c2\0$e01-apr-2016$fGBP31.00$g0$hP$5Uk
=ACF  \\$aPrevious copyright fee: GBP33.00$c2\0$e01-jan-2017$fGBP33.00$g0$hP$5Uk
=ACF  \\$aPrevious copyright fee: GBP35.00$c2\0$e01-jan-2018$fGBP35.00$g0$hP$5Uk
=ACF  \\$aPrevious copyright fee: GBP37.00$c2\0$e01-jan-2019$fGBP37.00$g0$hP$5Uk
=ACF  \\$aPrevious copyright fee: GBP20.00$c0$e01-jan-2020$fGBP20.00$g0$hA$5Uk
=LAS  \\$aIPL-CLA$b00$c20221231$lBLL01$h1450

