=LDR  04638cas a2201093 a 4500
=001  016006391
=003  Uk
=005  20230511163035.0
=006  m\\\\\\\\d\\\\\\\\
=007  cr||||||||||||
=008  080306c20089999enkar\\\s\\\\\0\\\a0eng\c
=FMT  \\$a  SE
=010  \\$a  2008214420
=015  \\$aGBB207767$2bnb
=022  \\$a1941-6067$y1941-6520
=035  \\$a(OCoLC)212906429
=037  \\$aISSN_19416520$bPortico$nTaylor & Francis
=040  \\$aNSDP$cNSDP$dDLC$dOCoLC$dCaQMM$dDLC$dUk
=042  \\$aukblsr$ansdp
=050  14$aHD28$b.A2412
=082  04$a302.3505$223
=130  0\$aAcademy of Management annals (Online)
=222  \4$aThe Academy of Management annals$b(Online)
=245  14$aThe Academy of Management annals$h[electronic resource].
=246  30$aAnnals
=260  \\$a[Briarcliff Manor, N.Y.] :$bAcademy of Management ;$aNew York :$bL. Erlbaum Associates
=260  3\$aAbingdon :$bRoutledge
=310  \\$aAnnual
=336  \\$atext$2rdacontent
=337  \\$acomputer$2rdamedia
=338  \\$aonline resource$2rdacarrier
=362  1\$aBegan with vol. 1, issue 1 (2007).
=588  \\$aDescription based on: Vol. 1, issue 1 (2007); title from cover (Taylor & Francis website, viewed Oct. 19, 2011).
=588  \\$aLatest issue consulted: Volume 9, issue 1 (2015) (Taylor & Francis Online, viewed December 15, 2015).
=650  \0$aManagement$vPeriodicals.
=650  \0$aManagement$xResearch$vPeriodicals.
=650  \0$aOrganization$vPeriodicals.
=650  \0$aExecutives$vPeriodicals.
=690  7\$aManagement and Business Studies$2blcoll
=690  7\$aSocial Welfare$2blcoll
=710  2\$aAcademy of Management.
=776  08$iAlso issued in print:$tAcademy of Management annals$x1941-6520
=859  \\$aELD$bejournal
=856  4\$uhttp://ejournals.ebsco.com/direct.asp?JournalID=715646$zAccess with Athens password
=856  40$uhttp://www.informaworld.com/rama
=852  41$aBritish Library$bDSC$j0570.586935$3Volume 3(2009)-Volume 10:Issue 1(2016)***See ESTAR for full holdings.
=852  41$aBritish Library$bHMNTS$jELD Digital store$3Volume 10:Issue 1(2016)
=945  \\$aAcademy of management annals
=959  \\$fHeld but not currently received
=CAT  \\$a9599$b40$c20120112$lBLL01$h0914
=CAT  \\$aBATCH-CLA$b00$c20130526$lBLL01$h1703
=CAT  \\$aBATCH-UPD$b00$c20131119$lBLL01$h2002
=CAT  \\$aIPL-CLA$c20140101$lBLL01$h0155
=CAT  \\$aBATCH-UPD$b00$c20141124$lBLL01$h1805
=CAT  \\$aBLDSS-3PM$b00$c20141130$lBLL01$h1250
=CAT  \\$aIPL-CLA$c20141231$lBLL01$h1702
=CAT  \\$aBATCH-UPD$b00$c20151119$lBLL01$h1546
=CAT  \\$a14448$b40$c20151214$lBLL01$h0808
=CAT  \\$a10973$b40$c20151215$lBLL01$h1622
=CAT  \\$aIPL-CLA$c20151231$lBLL01$h1934
=CAT  \\$a14448$b40$c20160130$lBLL01$h0911
=CAT  \\$aBATCH-UPD$b40$c20160525$lBLL01$h1328
=CAT  \\$aBATCH-UPD$b40$c20161122$lBLL01$h1515
=CAT  \\$aIPL-CLA$c20161230$lBLL01$h2359
=CAT  \\$a12654$b40$c20170510$lBLL01$h1105
=CAT  \\$aBATCH-UPD$b40$c20171121$lBLL01$h1650
=CAT  \\$aW1711-1005$c20171206$lBLL01$h1824
=CAT  \\$aIPL-CLA$c20171231$lBLL01$h1811
=CAT  \\$aBATCH-UPD$b00$c20181217$lBLL01$h1640
=CAT  \\$aIPL-CLA$c20181231$lBLL01$h1551
=CAT  \\$a5552$b40$c20190402$lBLL01$h1346
=CAT  \\$aBATCH-CLA$b00$c20191219$lBLL01$h1757
=CAT  \\$aIPL-CLA$c20191231$lBLL01$h2030
=CAT  \\$aR2001-1524$c20200127$lBLL01$h2055
=CAT  \\$a5552$b40$c20201019$lBLL01$h0812
=CAT  \\$aBATCH-FIX$c20230511$lBLL01$h1630
=CFI  2\$aPrevious Copyright Fee: GBP20.00$c0$e01-jan-2020$fGBP20.00$g0$hA$5Uk
=EST  \\$a1
=FIN  \\$aY$d20120125
=MNI  \\$a1941-6520
=SRC  \\$aBLL02
=TCO  \\$aZZZ$c008
=TCO  \\$aTRS$bCCC$c008
=TOC  \\$aETOC
=ACF  \\$aPrevious copyright fee: GBP17.50$c0$e02-apr-2019$fGBP17.50$g0$hA$5Uk
=ACF  \\$aPrevious copyright fee: GBP23.00$c2\0$e12-jan-2012$fGBP23.00$g0$hP$5Uk
=ACF  \\$aPrevious copyright fee: GBP23.50$c2\0$e01-jan-2013$fGBP23.50$g0$hP$5Uk
=ACF  \\$aPrevious copyright fee: GBP24.00$c2\0$e01-jan-2014$fGBP24.00$g0$hP$5Uk
=ACF  \\$aPrevious copyright fee: GBP25.00$c2\0$e01-jan-2015$fGBP25.00$g0$hP$5Uk
=ACF  \\$aPrevious copyright fee: GBP26.00$c2\0$e01-jan-2016$fGBP26.00$g0$hP$5Uk
=ACF  \\$aPrevious copyright fee: GBP28.00$c2\0$e01-jan-2017$fGBP28.00$g0$hP$5Uk
=ACF  \\$aPrevious copyright fee: GBP32.00$c2\0$e01-jan-2019$fGBP32.00$g0$hP$5Uk
=ACF  \\$aPrevious copyright fee: GBP30.00$c2\0$e01-jan-2018$fGBP30.00$g0$hP$5Uk
=LAS  \\$aBATCH-FIX$b00$c20230511$lBLL01$h1630

