=LDR  04649cas a2201093 a 4500
=001  016064281
=003  Uk
=005  20230511163037.0
=006  m\\\\\\\\d\\\\\\\\
=007  cr\un|||||||||
=008  050614c19989999njufr\pss\\\\\0\\\a0eng\\
=FMT  \\$a  SE
=010  \\$a2011202045
=015  \\$aGBB350401$2bnb
=022  \\$a2161-1882
=035  \\$a(OCoLC)60624288$z(OCoLC)45823640
=037  \\$aISSN_10990399$bPortico$nWiley
=040  \\$aOCLCS$beng$cOCLCS$dTXH$dMUQ$dTXJ$dCO3$dOCLCQ$dDLC$dUk
=042  \\$aukblsr
=043  \\$an-us---
=050  14$aLB2343$b.J62
=082  04$a378.194$223
=130  0\$aJournal of college counseling (Online)
=222  \0$aJournal of college counseling$b(Online)
=245  10$aJournal of college counseling$h[electronic resource].
=246  13$aCollege counseling
=260  \\$aAlexandria, VA :$bAmerican College Counseling Association
=260  3\$32012-$aHoboken, NJ :$bWiley
=310  \\$aThree issues yearly,$b2012-
=321  \\$aSemiannual
=336  \\$atext$2rdacontent
=337  \\$acomputer$2rdamedia
=338  \\$aonline resource$2rdacarrier
=362  1\$aPrint began with v. 1, no. 1 (spring 1998).
=530  \\$aAlso issued in print.
=588  \\$aDescription based on print version record.
=588  \\$aLatest issue consulted: volume 24, number 3 (October 2021) (Wiley Online Library, viewed February 3, 2023).
=540  \\$aCurrent copyright fee: GBP32.00$c0$5Uk
=650  \0$aCounseling in higher education$vPeriodicals.
=650  \0$aCounseling in higher education$zUnited States$vPeriodicals.
=710  2\$aAmerican College Counseling Association.
=776  1\$tJournal of college counseling$x1099-0399
=859  \\$aELD$bejournal
=856  4\$uhttp://www.collegecounseling.org/resources/journal.html$zLink no longer valid
=856  40$uhttp://onlinelibrary.wiley.com/journal/10.1002/(ISSN)2161-1882
=852  41$aBritish Library$bHMNTS$jELD Digital store$3Volume 16:Issue 1(2013:Apr.)-Volume 24:Issue 3(2021)
=852  41$aBritish Library$bDSC$j4958.799900$3Volume 15:Issue 1(2012)-Volume 17:Number 3(2014:Oct.)***See ESTAR for full holdings.
=945  \\$aJournal of college counseling.
=959  \\$fHeld but not currently received
=CAT  \\$a12654$b40$c20120405$lBLL01$h1034
=CAT  \\$aWR13.114$c20130717$lBLL01$h1315
=CAT  \\$aBATCH-PORT$c20130829$lBLL01$h1114
=CAT  \\$aWR14_009$c20140204$lBLL01$h2342
=CAT  \\$aBLDSS-3PM$b00$c20141214$lBLL01$h1527
=CAT  \\$aBATCH-UPD$b00$c20150215$lBLL01$h1705
=CAT  \\$aIPL-CLA$c20150228$lBLL01$h2057
=CAT  \\$aCDS15-UPD$b40$c20150918$lBLL01$h1640
=CAT  \\$aBATCH-UPD$b40$c20160519$lBLL01$h1440
=CAT  \\$aW1711-1005$c20171206$lBLL01$h1824
=CAT  \\$aBATCH-UPD$b00$c20180219$lBLL01$h1755
=CAT  \\$aBATCH-UPD$b00$c20181121$lBLL01$h1626
=CAT  \\$aIPL-CLA$c20181231$lBLL01$h1552
=CAT  \\$aR1911-0245$c20191127$lBLL01$h0823
=CAT  \\$aR1911-0245$c20191127$lBLL01$h1045
=CAT  \\$aIPL-CLA$c20191231$lBLL01$h2031
=CAT  \\$a12654$b40$c20211026$lBLL01$h0742
=CAT  \\$a5552$b40$c20211210$lBLL01$h0826
=CAT  \\$aIPL-CLA$c20211231$lBLL01$h1545
=CAT  \\$aDEL-3PM$c20220105$lBLL01$h1525
=CAT  \\$aBATCH-CLA$b00$c20221221$lBLL01$h1924
=CAT  \\$aIPL-CLA$c20221231$lBLL01$h1451
=CAT  \\$a10806$b40$c20230203$lBLL01$h1246
=CAT  \\$a12654$b40$c20230206$lBLL01$h0826
=CAT  \\$a12654$b40$c20230426$lBLL01$h0931
=CAT  \\$a12654$b40$c20230427$lBLL01$h1529
=CAT  \\$aBATCH-FIX$c20230511$lBLL01$h1630
=CFI  0\$aCurrent copyright fee: GBP32.00$c0$e27-apr-2023$fGBP32.00$g0$hC$5Uk
=CFI  2\$aBritish Library not licensed to copy$c0$e01-jan-2023$g0$iTX$hC$5Uk
=EST  \\$a1
=FIN  \\$aY$d20120418
=LET  \0$aJournal of college counseling (Electronic)
=LKR  \\$aPAR$b010488698$lBLL01$r776$mJournal of college counseling (Online)$nJournal of college counseling
=MNI  \\$a1099-0399
=SID  \\$aZ39$bOCLC
=TCO  \\$aTRS$bCCC$c008
=TOC  \\$aETOC
=UNO  \\$aY
=ACF  \\$aPrevious Copyright Fee: GBP25.00$c0$e01-jan-2023$fGBP25.00$g0$hA$5Uk
=ACF  \\$aPrevious Copyright Fee: GBP22.50$c0$e01-jan-2022$fGBP22.50$g0$hA$5Uk
=ACF  \\$aPrevious copyright fee: GBP22.00$c35\0$e05-apr-2012$fGBP22.00$g0$hP$5Uk
=ACF  \\$aPrevious copyright fee: GBP24.00$c35\0$e01-mar-2015$fGBP24.00$g0$hP$5Uk
=ACF  \\$aPrevious copyright fee: GBP28.00$c35\0$e01-jan-2019$fGBP28.00$g0$hP$5Uk
=ACF  \\$aPrevious Copyright Fee: GBP32.00$c35\0$e01-jan-2020$fGBP32.00$g0$hP$5Uk
=LAS  \\$aBATCH-FIX$b00$c20230511$lBLL01$h1630

