=LDR  04278cas a2200985 a 4500
=001  014665759
=003  Uk
=005  20230530114055.0
=006  m\\\\\\\\d\|\\\\\\
=007  cr||||||||||||
=008  080711c20099999enkbr\p\s\\\\\0\\\a0eng\\
=FMT  \\$a  SE
=015  \\$aGBB038474$2bnb
=022  0\$a1758-4280$202
=037  \\$aIJR$bFuture Science
=040  \\$aUk$beng$cUk$dUk
=042  \\$aissnuk$aukblsr
=082  04$a616.723005$222
=210  0\$aInt. j. clin. rheumatol.$b(Online)
=222  \0$aInternational journal of clinical rheumatology$b(Online)
=245  00$aInternational journal of clinical rheumatology$h[electronic resource].
=260  \\$aLondon :$bFuture Medicine,$c2009-
=264  31$a[Great Britain?] :$bOpen Access Journals
=310  \\$aBi-monthly
=336  \\$atext$2rdacontent
=337  \\$acomputer$2rdamedia
=338  \\$aonline resource$2rdacarrier
=362  0\$aVol. 4, issue 1 (Feb. 2009)-
=500  \\$aTitle from table of contents page (Future Medicine, viewed Mar. 12, 2010).
=500  \\$aLatest issue consulted: volume 16, issue 3 (2021) (Open Access Journals website, viewed April 14, 2021).
=540  \\$aBritish Library not licensed to copy$c0$5Uk
=650  \0$aRheumatology$vPeriodicals.
=776  08$iAlso issued in print:$aInternational journal of clinical rheumatology$x1758-4272
=780  10$tFuture rheumatology (Online)$x1746-0824
=859  \\$aELD$bejournal
=856  4\$uhttp://www.futuremedicine.com/loi/ijr$zIncludes issues of earlier title: Future rheumatology
=856  40$uhttps://www.openaccessjournals.com/journals/clinical-rheumatology-archive.html
=852  41$aBritish Library$bDSC$j4542.172168$3Volume 4:Issue 1(2009)-Volume 6:Issue 1(2011)***See ESTAR for full holdings.
=852  41$aBritish Library$bHMNTS$jELD Digital store$3Volume 4:Number 1(2009)-Volume 10:Number 6(2015)
=852  41$aBritish Library$bHMNTS$jDigital store$3Vol. 4 Number 1 (2009)-Vol 7 number 6 (2012)
=945  \\$aInternational journal of clinical rheumatology
=959  \\$fHeld but not currently received
=985  \\$aLegal Deposit ejournals
=CAT  \\$a6537$b40$c20080711$lBLL01$h1357
=CAT  \\$a11033$b40$c20090211$lBLL01$h1334
=CAT  \\$a11033$b40$c20090211$lBLL01$h1453
=CAT  \\$a11033$b40$c20090211$lBLL01$h1454
=CAT  \\$a5552$b40$c20090303$lBLL01$h1030
=CAT  \\$a8124$b40$c20090319$lBLL01$h1347
=CAT  \\$a3072$b40$c20100312$lBLL01$h1239
=CAT  \\$a3072$b40$c20100312$lBLL01$h1303
=CAT  \\$aBATCH-UPD$b40$c20101116$lBLL01$h1336
=CAT  \\$aIPL-CLA$c20101231$lBLL01$h1525
=CAT  \\$a12654$b40$c20111130$lBLL01$h1635
=CAT  \\$aBATCH-UPD$b40$c20121125$lBLL01$h1435
=CAT  \\$a8874$b40$c20130926$lBLL01$h1143
=CAT  \\$aBLDSS-3PM$b00$c20141016$lBLL01$h1325
=CAT  \\$a11316$b40$c20150929$lBLL01$h1217
=CAT  \\$a8311$b40$c20151006$lBLL01$h1424
=CAT  \\$a14412$b40$c20151009$lBLL01$h1151
=CAT  \\$a10983$b40$c20160310$lBLL01$h1200
=CAT  \\$aBATCH-UPD$b40$c20160526$lBLL01$h1226
=CAT  \\$aW1711-1005$c20171206$lBLL01$h1821
=CAT  \\$a8483$b40$c20210414$lBLL01$h1509
=CAT  \\$a5552$b40$c20210504$lBLL01$h1105
=CAT  \\$a5552$b40$c20210611$lBLL01$h1140
=CAT  \\$aBATCH-UNOA$c20210615$lBLL01$h2300
=CAT  \\$aBLDSS-3PM$b00$c20210623$lBLL01$h1119
=CAT  \\$aBATCH-UPD$b00$c20210623$lBLL01$h1120
=CAT  \\$aBATCH-FIX$c20230511$lBLL01$h1629
=CAT  \\$a12654$b40$c20230524$lBLL01$h0729
=CAT  \\$aDEL-3PM$c20230530$lBLL01$h1140
=CFI  0\$aBritish Library not licensed to copy$c0$e24-may-2023$hC$iTX$5Uk
=CFI  2\$aPrevious copyright fee: zero$c37\0$e04-may-2021$fGBP0.00$g0$hP$5Uk
=CFI  2\$aPrevious copyright fee: GBP35.00$c37\0$e01-jan-2011$fGBP35.00$g0$hP$5Uk
=EST  \\$a1
=FIN  \\$aY$d20090319
=LET  \0$aInternational journal of clinical rheumatology (Electronic)
=LKR  \\$aPAR$b014540633$lBLL01$r78010$mInternational journal of clinical rheumatology (Online)$nFuture rheumatology (Online)
=MNI  \\$a1758-4272
=TCO  \\$aCLA$bCLA$c008
=TOC  \\$aETOC
=UNO  \\$aY
=ACF  \\$aPrevious copyright fee: GBP30.00$c37\0$e11-feb-2009$fGBP30.00$g0$hP$5Uk
=LAS  \\$aDEL-3PM$b00$c20230530$lBLL01$h1140

