=LDR  05161cas a2201141 a 4500
=001  014761354
=003  Uk
=005  20230930080929.0
=006  m\\\\\\\\d\\\\\\\\
=007  cr\|n|||||||||
=008  000616c19989999enkqr\pso\\\\\0\\\a0eng\d
=FMT  \\$a  SE
=010  \\$a2003240948
=015  \\$aGBB556751$2bnb
=022  \\$a1839-2083$y1441-3523
=035  \\$a(OCoLC)60463980
=037  3\$aISSN_14413523_21$bPortico$nTaylor & Francis
=037  \\$aISSN_14413523$bPortico$nElsevier
=040  \\$aQCL$cQCL$dOCLCQ$dZ5A$dMUQ$dUk
=042  \\$aukblsr
=050  14$aGV713$b.S67
=082  04$a796.069$223
=130  0\$aSport management review (Online)
=222  \0$aSport management review$b(Online)
=245  10$aSport management review$h[electronic resource].
=260  \\$aVictoria, Australia :$bSport Management Association of Australia and New Zealand
=260  2\$32009-$a[Amsterdam] :$bElsevier
=264  31$aLondon :$bRoutledge, Taylor & Francis Group
=310  \\$aQuarterly,$b2009-
=321  \\$aThree issues yearly,$b2005-2008
=321  \\$aSemiannual,$b1998-2004
=336  \\$atext$2rdacontent
=337  \\$acomputer$2rdamedia
=338  \\$aonline resource$2rdacarrier
=362  1\$aBegan with Nov. 1998 issue.
=500  \\$aDescription based on: Vol. 3, no. 1 (May 2000); title from cover.
=500  \\$aLatest issue consulted: volume 25, issue 3 (2022); Taylor & Francis Online, viewed October 19, 2022.
=540  \\$aCurrent Copyright Fee: GBP34.00$c0$5Uk
=650  \0$aSports administration$vPeriodicals.
=710  2\$aSport Management Association of Australia and New Zealand.
=710  2\$aEBSCO Publishing (Firm)
=776  1\$tSport management review$x1441-3523
=856  40$uhttp://www.sciencedirect.com/science/journal/14413523
=856  40$uhttp://www.elsevier.com/wps/find/journaldescription.cws_home/716936/description#description
=856  40$uhttp://search.epnet.com/direct.asp?db=buh&jid=%22W53%22&scope=site$zFull text available from Business Source Premier: from 01/11/1998 to 6 months ago
=856  40$uhttps://www.tandfonline.com/journals/rsmr20
=859  \\$aELD$bejournal
=852  41$aBritish Library$bHMNTS$jELD Digital store$3Volume 18:Issue 1(2015)-***Previous issues available in print copy
=852  41$aBritish Library$bDSC$j8419.628500$3Volume 1:Issue 1(1998)-Volume 12:Issue 4(2009)***See ESTAR for full holdings.***Some issues available for 2010
=945  \\$aSport management review
=959  \\$fHeld but not currently received
=CAT  \\$a8464$b40$c20080924$lBLL01$h0833
=CAT  \\$aBLDSS-3PM$b00$c20141222$lBLL01$h1718
=CAT  \\$a10983$b40$c20150407$lBLL01$h1020
=CAT  \\$a10973$b40$c20150505$lBLL01$h1344
=CAT  \\$aBATCH-UPD$b40$c20160525$lBLL01$h1252
=CAT  \\$aBATCH-UPD$b40$c20171121$lBLL01$h1750
=CAT  \\$aW1711-1005$c20171206$lBLL01$h1821
=CAT  \\$aIPL-CLA$c20171231$lBLL01$h1737
=CAT  \\$aBATCH-UPD$b00$c20190521$lBLL01$h1442
=CAT  \\$aIPL-CLA$c20190630$lBLL01$h1541
=CAT  \\$a12654$b40$c20210409$lBLL01$h0832
=CAT  \\$a12654$b40$c20210409$lBLL01$h0834
=CAT  \\$aDEL-3PM$c20210412$lBLL01$h1044
=CAT  \\$a5552$b40$c20210510$lBLL01$h0757
=CAT  \\$aBATCH-CLA$b00$c20210617$lBLL01$h1358
=CAT  \\$aIPL-CLA$c20210704$lBLL01$h1017
=CAT  \\$a11450$b40$c20220929$lBLL01$h0922
=CAT  \\$a11450$b40$c20220929$lBLL01$h0924
=CAT  \\$a11205$b40$c20221019$lBLL01$h1136
=CAT  \\$aBATCH-CLA$b00$c20221206$lBLL01$h1724
=CAT  \\$aIPL-CLA$c20221231$lBLL01$h1449
=CAT  \\$a14586$b40$c20230421$lBLL01$h1354
=CAT  \\$a12654$b40$c20230424$lBLL01$h1256
=CAT  \\$aBATCH-FIX$c20230511$lBLL01$h1629
=CAT  \\$aBATCH-CLA$b00$c20230921$lBLL01$h1420
=CAT  \\$aIPL-CLA$c20230930$lBLL01$h0809
=CFI  0\$aCurrent Copyright Fee: GBP34.00$c0$e01-oct-2023$fGBP34.00$g0$hC$5Uk
=CFI  2\$aPrevious copyright fee: GBP25.00$c0$e24-apr-2023$fGBP25.00$g0$hC$5Uk
=EST  \\$a1
=FIN  \\$aY$d20090330
=LET  \0$aSport management review (Electronic)
=LKR  \\$aPAR$b010497170$lBLL01$r776$mSport management review (Online)$nSport management review (Print)
=MNI  \\$a1441-3523
=SID  \\$aZ39$bOCLC
=TCO  \\$aNLD$bSTICHTING REPRORECHT$c008
=TCO  \\$aAUS$bCAL$c008
=TOC  \\$aETOC
=ACF  \\$aPrevious Copyright Fee: GBP34.00$c0$e01-jul-2021$fGBP34.00$g0$hC$5Uk
=ACF  \\$aPrevious copyright fee: GBP19.00$c5\1$e24-sep-2008$fGBP19.00$g0$hP$5Uk
=ACF  \\$aPrevious copyright fee: GBP20.00$c5\1$e01-jan-2009$fGBP20.00$g0$hP$5Uk
=ACF  \\$aPrevious copyright fee: GBP21.00$c5\1$e01-jan-2012$fGBP21.00$g0$hP$5Uk
=ACF  \\$aPrevious copyright fee: GBP22.50$c5\1$e01-jan-2013$fGBP22.50$g0$hP$5Uk
=ACF  \\$aPrevious copyright fee: GBP32.84$c5\1$e01-jul-2019$fGBP32.84$g0$hP$5Uk
=ACF  \\$aPrevious copyright fee: GBP23.40$c5\1$e01-jan-2018$fGBP23.40$g0$hP$5Uk
=ACF  \\$aPrevious copyright fee: GBP22.50$c0$e09-apr-2021$fGBP22.50$g0$hA$5Uk
=ACF  \\$aBritish Library not licensed to copy$c0$e01-jan-2023$hC$iCFP Excluded$5Uk
=LAS  \\$aIPL-CLA$b00$c20230930$lBLL01$h0809

