=LDR  05673cas a2201249 a 4500
=001  012432486
=003  Uk
=005  20221231144428.0
=006  m\\\\\o\\d\\\\\\\\
=007  cr\cn|||||||||
=008  980303c19939999ne\qr\pso\\\\\0\\\a0eng\c
=FMT  \\$a  SE
=010  \\$a  2002238856
=015  \\$aGBB568440$2bnb
=019  c\$a102480900
=022  0\$a1873-6920$l0967-067X$y0967-067X
=035  \\$a(OCoLC)38537340$z(OCoLC)858833496
=037  \\$aISSN_0967067X$bPortico$nElsevier
=040  \\$aOH1$beng$cOH1$dOCL$dOCLCQ$dIUL$dOCLCQ$dU9S$dGUA$dOCLCQ$dOCLCO$dOCLCQ$dOCLCF$dOCLCO$dVT2$dUk
=042  \\$aukblsr
=050  \4$aHX1$b.S74
=082  04$a320.53205$223
=130  0\$aCommunist and post-communist studies (Online)
=210  0\$aCommunist post-communist stud.$b(Online)
=222  \0$aCommunist and post-communist studies$b(Online)
=245  10$aCommunist and post-communist studies$h[electronic resource].
=260  \\$aOxford :$bButterworth-Heinemann,$c1993-
=260  2\$a[Oxford ;$aNew York] :$bPergamon Press
=264  31$a[Amsterdam] :$bElsevier
=310  \\$aQuarterly
=336  \\$atext$2rdacontent
=337  \\$acomputer$2rdamedia
=338  \\$aonline resource$2rdacarrier
=362  0\$aVol. 26, issue 1 (Mar. 1993)-
=550  \\$aPublished on behalf of: the Regents of the University of California.
=588  \\$aDescription based on: Vol. 30, issue 1 (Mar. 1997); title from introductory page, viewed Sept. 5, 2002.
=588  \\$aLatest issue consulted: volume 48, issue 1 (March 2015) (ScienceDirect, viewed May 28, 2015).
=538  \\$aMode of access: World Wide Web.
=540  \\$aBritish Library not licensed to copy$c0$5Uk
=650  \0$aCommunism$vPeriodicals.
=650  \0$aPost-communism$vPeriodicals.
=650  \6$aCommunisme$vPériodiques.
=650  \6$aPostcommunisme$vPériodiques.
=650  \7$aCommunism.$2fast$0(OCoLC)fst00870421
=650  \7$aPost-communism.$2fast$0(OCoLC)fst01072730
=655  \7$aPeriodicals.$2fast$0(OCoLC)fst01411641
=655  \0$aElectronic journals.
=710  2\$aUniversity of California (System).$bRegents.
=776  08$iAlso issued in print as:$tCommunist and post-communist studies$x0967-067X
=780  00$tStudies in comparative communism (Online)
=859  \\$aELD$bejournal
=856  40$uhttp://www.sciencedirect.com/science/journal/0967067X
=852  41$aBritish Library$bHMNTS$jELD Digital store$3Volume 48:Issue 1(2015)-Volume 52:Issue 4(2019)***Previous issues available in print copy
=852  41$aBritish Library$bDSC$j3363.547700$3mar-1996 VOL 29 PART 1-Volume 42:Issue 4(2009)***See ESTAR for full holdings.***Some issues available for 2010
=945  \\$aCommunist and postcommunist studies
=959  \\$fHeld but not currently received
=A02  \\$a102480900
=CAT  \\$aCONV$b00$c20040425$lBLL90$h0712
=CAT  \\$aBATCH-CLA$b00$c20121109$lBLL01$h1734
=CAT  \\$aBATCH-UPD$b00$c20121121$lBLL01$h1655
=CAT  \\$aIPL-CLA$c20121231$lBLL01$h1309
=CAT  \\$aIPL-CLA$c20130102$lBLL01$h1726
=CAT  \\$aWR13.005$c20130323$lBLL01$h1509
=CAT  \\$aBATCH-CLA$b00$c20140125$lBLL01$h1313
=CAT  \\$aBATCH-CLA$c20140225$lBLL01$h2319
=CAT  \\$aBLDSS-3PM$b00$c20141222$lBLL01$h1712
=CAT  \\$a8411$b40$c20150413$lBLL01$h1118
=CAT  \\$a11205$b40$c20150528$lBLL01$h1114
=CAT  \\$aBATCH-UPD$b40$c20160617$lBLL01$h0009
=CAT  \\$aBATCH-UPD$b40$c20171121$lBLL01$h1742
=CAT  \\$aW1711-1005$c20171206$lBLL01$h1815
=CAT  \\$aIPL-CLA$c20171231$lBLL01$h1623
=CAT  \\$aBATCH-UPD$b00$c20190521$lBLL01$h1434
=CAT  \\$aIPL-CLA$c20190630$lBLL01$h1531
=CAT  \\$a5552$b40$c20191129$lBLL01$h1119
=CAT  \\$aIPL-CLA$c20191231$lBLL01$h1922
=CAT  \\$aDEL-3PM$c20200108$lBLL01$h0853
=CAT  \\$aBATCH-CLA$b00$c20200325$lBLL01$h1253
=CAT  \\$aIPL-CLA$c20200331$lBLL01$h1612
=CAT  \\$aBATCH-CLA$b00$c20210328$lBLL01$h1326
=CAT  \\$aIPL-CLA$c20210331$lBLL01$h1659
=CAT  \\$aBATCH-CLA$b00$c20221206$lBLL01$h1758
=CAT  \\$aIPL-CLA$c20221231$lBLL01$h1444
=CFI  0\$aBritish Library not licensed to copy$c0$e01-jan-2023$hC$iCFP Excluded$5Uk
=CFI  2\$aPrevious Copyright Fee: GBP34.00$c0$e01-apr-2021$fGBP34.00$g0$hC$5Uk
=EST  \\$a1
=FIN  \\$aY
=LEO  \\$aMP10.0000629756
=LET  \0$aCommunist and post-communist studies (Electronic)
=LKR  \\$aPAR$b012401544$lBLL01$nCommunist and post-communist studies (Print)$mCommunist and post-communist studies (Online)$r776
=MNI  \\$a0967-067X
=SID  \\$aZ39$bOCLC
=SRC  \\$aDSS01$bbibmp10.200404.2.aa
=TCO  \\$aCLA$bCLA$c008
=TOC  \\$aETOC
=ACF  \\$aPrevious Copyright Fee: GBP19.00$c5\5$e01-jan-2008$fGBP19.00$g0$hP$5Uk
=ACF  \\$aPrevious Copyright Fee: GBP18.00$c5\5$e01-apr-2004$fGBP18.00$g0$hP$5Uk
=ACF  \\$aPrevious Copyright Fee: GBP20.00$c5\5$e01-jan-2003$fGBP20.00$g0$hP$5Uk
=ACF  \\$aPrevious Copyright Fee: GBP15.00$c5\5$e01-jul-2002$fGBP15.00$g0$hP$5Uk
=ACF  \\$aPrevious copyright fee: GBP20.00$c5\1$e01-jan-2009$fGBP20.00$g0$hP$5Uk
=ACF  \\$aPrevious copyright fee: GBP21.00$c5\1$e01-jan-2012$fGBP21.00$g0$hP$5Uk
=ACF  \\$aPrevious copyright fee: GBP22.50$c5\1$e01-jan-2013$fGBP22.50$g0$hP$5Uk
=ACF  \\$aPrevious copyright fee: GBP23.40$c5\1$e01-jan-2018$fGBP23.40$g0$hP$5Uk
=ACF  \\$aPrevious copyright fee: GBP32.84$c5\1$e01-jul-2019$fGBP32.84$g0$hP$5Uk
=ACF  \\$aPrevious Copyright Fee: GBP20.00$c0$e01-jan-2020$fGBP20.00$g0$hA$5Uk
=ACF  \\$aPrevious Copyright Fee: GBP23.40$c0$e01-apr-2020$fGBP23.40$g0$hC$5Uk
=LAS  \\$aIPL-CLA$b00$c20221231$lBLL01$h1444

