=LDR  05905cas a2201225 a 4500
=001  012914318
=003  Uk
=005  20230511162843.0
=006  a\\\\\s\\\\\000\0\
=007  cr\|||||||||||
=008  040511c20049999enkqr\p\s\\\\\0\\\a0eng\\
=FMT  \\$a  SE
=015  \\$aGBA995845$2bnb
=022  \\$a1741-4288$202
=037  \\$aISSN_1741427X_33$bPortico$nHindawi
=040  \\$aUk$beng$cUk$dUk
=042  \\$aissnuk$aukblsr
=082  04$a615.505$222
=130  0\$aEvidence-based complementary and alternative medicine (Online)
=210  0\$aEvid.-based complement. altern. med.$b(Online)
=222  \0$aEvidence-based complementary and alternative medicine$b(Online)
=245  10$aEvidence-based complementary and alternative medicine$h[electronic resource].
=246  13$aeCAM
=260  \\$aOxford :$bOxford University Press,$c2004-
=260  2\$aNew York :$bHindawi
=264  31$aLondon :$bHindawi
=310  \\$aQuarterly
=336  \\$atext$2rdacontent
=337  \\$acomputer$2rdamedia
=338  \\$aonline resource$2rdacarrier
=362  0\$aVol. 1, no. 1 (2004)-
=530  \\$aAlso available in print.
=538  \\$aMode of access: World Wide Web.
=500  \\$aTitle from contents screen (Oxford Journals, viewed on Sept. 30, 2009).
=588  \\$aLatest issue consulted: volume 2018 (2018) (viewed April 24, 2018).
=540  \\$aCurrent copyright fee: zero$c0$5Uk
=650  \0$aAlternative medicine$vPeriodicals.
=776  0\$tEvidence-based complementary and alternative medicine$x1741-427X
=856  40$uhttp://ecam.oupjournals.org
=856  40$uhttp://www.ncbi.nlm.nih.gov/pmc/journals/241/
=856  4\$uhttp://www.hindawi.com/journals/ecam/
=859  \\$aELD$bejournal
=852  41$aBritish Library$bHMNTS$jELD Digital store$3Volume 1:Issue 1(2004)-
=852  41$aBritish Library$bDSC$j3831.036630$3Volume 4:Issue 3(2007)-Volume 7:Issue 4(2010)***See ESTAR for full holdings.
=945  \\$aEvidence-based complementary and alternative medicine
=959  \\$fHeld but not currently received
=985  \\$aCONFERENCE ANALYTIC &RECORDS EXIST
=CAT  \\$a8201$b40$c20040511$lTMP01$h1209
=CAT  \\$a6811$b40$c20090424$lBLL01$h1051
=CAT  \\$a6811$b40$c20090424$lBLL01$h1055
=CAT  \\$a6537$b40$c20090427$lBLL01$h0742
=CAT  \\$a5997$b40$c20090930$lBLL01$h0946
=CAT  \\$a5997$b40$c20090930$lBLL01$h0948
=CAT  \\$a5552$b40$c20091106$lBLL01$h0900
=CAT  \\$aBATCH-UPD$b40$c20091231$lBLL01$h1809
=CAT  \\$aBATCH-UPD$b40$c20091231$lBLL01$h1830
=CAT  \\$aBATCH$b00$c20091231$lBLL01$h1850
=CAT  \\$a5552$b40$c20110119$lBLL01$h1221
=CAT  \\$a5552$b40$c20110128$lBLL01$h0911
=CAT  \\$a5552$b40$c20110325$lBLL01$h1144
=CAT  \\$a12654$b40$c20110401$lBLL01$h1313
=CAT  \\$a8483$b40$c20110405$lBLL01$h0946
=CAT  \\$a8483$b40$c20110405$lBLL01$h1342
=CAT  \\$a5552$b40$c20110704$lBLL01$h0848
=CAT  \\$aBATCH-CLA$b00$c20121109$lBLL01$h1731
=CAT  \\$a10997$b40$c20140724$lBLL01$h1138
=CAT  \\$aWR14_140$c20140905$lBLL01$h1805
=CAT  \\$a10806$b40$c20180424$lBLL01$h1536
=CAT  \\$a15005$b40$c20190307$lBLL01$h1426
=CAT  \\$a14586$b40$c20190311$lBLL01$h1114
=CAT  \\$a5552$b40$c20190612$lBLL01$h1214
=CAT  \\$a10983$b40$c20220914$lBLL01$h0807
=CAT  \\$aBATCH-FIX$c20230511$lBLL01$h1628
=CFI  0\$aCurrent copyright fee: zero$c0$e12-jun-2019$fGBP0.00$g0$hZ$5Uk
=CFI  2\$aPrevious Copyright Fee: GBP16.00$c0$e04-jul-2011$fGBP16.00$g0$hC$5Uk
=EST  \\$a1
=FIN  \\$aY$d20051121
=LET  \0$aEvidence-based complementary and alternative medicine (Online)
=LKR  \\$aPAR$b012914321$lBLL01$nEvidence-based complementary and alternative medicine (Print)$mEvidence-based complementary and alternative medicine (Online)$r776
=MNI  \\$a1741-427X
=TCO  \\$aTRS$bCCC$c008
=TOC  \\$aETOC
=ACF  \\$aPrevious copyright fee: GBP10.50$c0$e25-mar-2011$fGBP10.50$g0$hA$5Uk
=ACF  \\$aCurrent copyright fee: GBP18.00$c29\0$e28-jan-2011$fGBP18.00$g0$hP$5Uk
=ACF  \\$aPrevious copyright fee: GBP10.50$c0$e19-jan-2010$fGBP10.50$g0$hA$5Uk
=ACF  \\$aPrevious copyright fee: GBP18.00$c29\0$e01-jan-2010$fGBP18.00$g0$hP$5Uk
=ACF  \\$aPrevious copyright fee: GBP20.00$c29\0$e24-apr-2009$fGBP20.00$g0$hP$5Uk
=ACF  \\$aBritish Library not licensed to copy$c0$e01-jan-2009$hC$iCLA Excluded$5Uk
=ACF  \\$aBritish Library not licensed to copy$c0$e01-oct-2008$hC$iCLA Excluded$5Uk
=ACF  \\$aBritish Library not licensed to copy$c0$e01-jul-2008$hC$iCLA Excluded$5Uk
=ACF  \\$aBritish Library not licensed to copy$c0$e01-apr-2008$hC$iCLA Excluded$5Uk
=ACF  \\$aBritish Library not licensed to copy$c0$e01-jan-2008$hC$iCLA Excluded$5Uk
=ACF  \\$aBritish Library not licensed to copy$c0$e01-oct-2007$hC$iCLA Excluded$5Uk
=ACF  \\$aBritish Library not licensed to copy$c0$e01-jul-2007$hC$iCLA Excluded$5Uk
=ACF  \\$aBritish Library not licensed to copy$c0$e01-apr-2007$hC$iCLA Excluded$5Uk
=ACF  \\$aBritish Library not licensed to copy$c0$e01-jan-2007$hC$iCLA Excluded$5Uk
=ACF  \\$aBritish Library not licensed to copy$c0$e01-oct-2006$hC$iCLA Excluded$5Uk
=ACF  \\$aBritish Library not licensed to copy$c0$e01-jul-2006$hC$iCLA Excluded$5Uk
=ACF  \\$aBritish Library not licensed to copy$c0$e01-apr-2006$hC$iCLA Excluded$5Uk
=ACF  \\$aBritish Library not licensed to copy$c0$e01-jan-2006$hC$iCLA Excluded$5Uk
=ACF  \\$aBritish Library not licensed to copy$c0$e01-oct-2005$hC$iCLA Excluded$5Uk
=ACF  \\$aBritish Library not licensed to copy$c0$e01-jul-2005$hC$iCLA Excluded$5Uk
=ACF  \\$aBritish Library not licensed to copy$c0$e01-apr-2005$hC$iCLA Excluded$5Uk
=ACF  \\$aBritish Library not licensed to copy$c0$e01-jan-2005$hC$iCLA Excluded$5Uk
=LAS  \\$aBATCH-FIX$b00$c20230511$lBLL01$h1628

