=LDR  05046cas a2201105 a 4500
=001  013272482
=003  Uk
=005  20230512094203.0
=006  m\\\\\\\\d\|\\\\\\
=007  cr||||||||||||
=008  050812d20062023enkqr\p\s\\\\\0\\\a0eng\\
=FMT  \\$a  SE
=015  \\$aGBA685031$2bnb
=022  0\$a1748-6718$y1748-670X$202
=037  \\$aISSN_1748670X_33$bPortico$nHindawi
=040  \\$aUk$beng$cUk$dUk
=042  \\$aissnuk$aukblsr
=082  04$a610.11$223
=130  0\$aComputational and mathematical methods in medicine (Online)
=210  0\$aComput. math. methods med.$b(Online)
=222  \0$aComputational and mathematical methods in medicine$b(Online)
=245  10$aComputational and mathematical methods in medicine$h[electronic resource].
=260  \\$aAbingdon :$bTaylor & Francis,$c-2023.
=260  2\$32011-$a[Cairo] :$bHindawi
=264  31$aLondon :$bHindawi
=310  \\$aQuarterly
=336  \\$atext$2rdacontent
=337  \\$acomputer$2rdamedia
=338  \\$aonline resource$2rdacarrier
=362  1\$aPrint began with v. 7, issue 1 (Mar. 2006)..
=362  1\$aCeased in 2023.
=580  \\$aIncludes issues of earlier title: Journal of theoretical medicine.
=530  \\$aAlso issued in print.
=500  \\$aDescription based on journal information screen on publisher's web site (viewed 9 Oct. 2006).
=540  \\$aCurrent copyright fee: zero$c0$5Uk
=650  \0$aMedicine$xComputer simulation$vPeriodicals.
=650  \0$aMedicine$xMathematical models$vPeriodicals.
=776  1\$tComputational and mathematical methods in medicine$x1748-670X
=780  10$tJournal of theoretical medicine (Online)$x1607-8578
=859  \\$aELD$bejournal
=856  40$uhttps://www.hindawi.com/journals/cmmm/
=852  41$aBritish Library$bHMNTS$jELD Digital store$3Volume 7:Issue 1(2006)-Volume 2023(2023)
=852  41$aBritish Library$bDSC$j3390.573000$3Volume 7:Issue 1(2006)-Volume 11:Issue 4(2010)***See ESTAR for full holdings.
=945  \\$aComputational and mathematical methods in medicine
=959  \\$fHeld but not currently received
=CAT  \\$a8870$b40$c20050812$lBLL01$h1700
=CAT  \\$aBATCH-UPD$b00$c20121121$lBLL01$h1611
=CAT  \\$aIPL-CLA$c20121231$lBLL01$h1316
=CAT  \\$aIPL-CLA$c20130102$lBLL01$h1740
=CAT  \\$aBATCH-UPD$b00$c20131119$lBLL01$h1952
=CAT  \\$aIPL-CLA$c20131231$lBLL01$h2353
=CAT  \\$aBATCH-UPD$b00$c20141124$lBLL01$h1753
=CAT  \\$aBLDSS-3PM$b00$c20141130$lBLL01$h1248
=CAT  \\$aIPL-CLA$c20141231$lBLL01$h1652
=CAT  \\$aBATCH-UPD$b00$c20151119$lBLL01$h1534
=CAT  \\$aIPL-CLA$c20151231$lBLL01$h1922
=CAT  \\$aBATCH-UPD$b00$c20161122$lBLL01$h1500
=CAT  \\$aBATCH-UPD$b00$c20161122$lBLL01$h1516
=CAT  \\$a10806$b40$c20161129$lBLL01$h1414
=CAT  \\$aIPL-CLA$c20161230$lBLL01$h2144
=CAT  \\$aBATCH-UPD$b00$c20171121$lBLL01$h1639
=CAT  \\$aIPL-CLA$c20171231$lBLL01$h1645
=CAT  \\$a10806$b40$c20180424$lBLL01$h1449
=CAT  \\$a10806$b40$c20180424$lBLL01$h1450
=CAT  \\$a10806$b40$c20180424$lBLL01$h1456
=CAT  \\$aBATCH-UPD$b40$c20181217$lBLL01$h1648
=CAT  \\$aIPL-CLA$c20181231$lBLL01$h1542
=CAT  \\$a9658$b40$c20190404$lBLL01$h1331
=CAT  \\$a9658$b40$c20190404$lBLL01$h1332
=CAT  \\$a5552$b40$c20190612$lBLL01$h1201
=CAT  \\$a15190$b40$c20190708$lBLL01$h1429
=CAT  \\$aBATCH-FIX$c20230511$lBLL01$h1629
=CAT  \\$a10806$b40$c20230512$lBLL01$h0942
=CFI  0\$aCurrent copyright fee: zero$c0$e12-jun-2019$fGBP0.00$g0$hZ$5Uk
=CFI  2\$aPrevious copyright fee: GBP40.00$c2\0$e01-jan-2019$fGBP40.00$g0$hP$5Uk
=EST  \\$a1
=FIN  \\$aY$d20061013
=LKR  \\$aPAR$b013357573$lBLL01$r78000$mComputational & mathematical methods in medicine$nTheoretical medicine
=MNI  \\$a1748-670X
=TCO  \\$aCLA$bCLA$c008
=TOC  \\$aETOC
=ACF  \\$aPrevious copyright fee: GBP38.00$c2\0$e01-jan-2018$fGBP38.00$g0$hP$5Uk
=ACF  \\$aPrevious copyright fee: GBP21.00$c2\0$e01-jan-2010$fGBP21.00$g0$hP$5Uk
=ACF  \\$aPrevious copyright fee: GBP20.00$c2\0$e01-jan-2009$fGBP20.00$g0$hP$5Uk
=ACF  \\$aPrevious Copyright Fee: GBP19.00$c2\0$e01-apr-2008$fGBP19.00$g0$hP$5Uk
=ACF  \\$aPrevious copyright fee: GBP20.00$c2\0$e01-jan-2007$fGBP20.00$g0$hP$5Uk
=ACF  \\$aPrevious Copyright Fee: GBP18.00$c2\0$e24-oct-2006$fGBP13.00$g0$hP$5Uk
=ACF  \\$aPrevious copyright fee: GBP25.00$c2\0$e01-jan-2011$fGBP25.00$g0$hP$5Uk
=ACF  \\$aPrevious copyright fee: GBP27.00$c2\0$e01-jan-2012$fGBP27.00$g0$hP$5Uk
=ACF  \\$aPrevious copyright fee: GBP27.50$c2\0$e01-jan-2013$fGBP27.50$g0$hP$5Uk
=ACF  \\$aPrevious copyright fee: GBP28.00$c2\0$e01-jan-2014$fGBP28.00$g0$hP$5Uk
=ACF  \\$aPrevious copyright fee: GBP30.00$c2\0$e01-jan-2015$fGBP30.00$g0$hP$5Uk
=ACF  \\$aPrevious copyright fee: GBP34.00$c2\0$e01-jan-2016$fGBP34.00$g0$hP$5Uk
=ACF  \\$aPrevious copyright fee: GBP36.00$c2\0$e01-jan-2017$fGBP36.00$g0$hP$5Uk
=LAS  \\$a10806$b40$c20230512$lBLL01$h0942

