=LDR  04669cas a2201069 a 4500
=001  013344948
=003  Uk
=005  20230511162903.0
=006  m\\\\\\\\d\\\\\\\\
=007  cr\|||||||||||
=008  980330c19829999nyuqr1pss\\\\\0\\\a0eng\d
=FMT  \\$a  SE
=010  \\$asn 98007937
=015  \\$aGBB435231$2bnb
=022  0\$a1098-2329$y0730-6679
=037  \\$aISSN_07306679$bPortico$nWiley
=037  3\$aISSN_07306679_33$bPortico$nHindawi
=040  \\$aNSD$cNSD$dEYM$dOCLCQ$dOCL$dUk
=042  \\$ansdp$aukblsr
=050  14$aTP1101$b.A38
=082  04$a668.9$222
=130  0\$aAdvances in polymer technology (Online)
=210  0\$aAdv. poly. technol.$b(Online)
=222  \0$aAdvances in polymer technology$b(Online)
=245  10$aAdvances in polymer technology$h[electronic resource] :$bjournal of the Polymer Processing Institute.
=260  \\$a[New York, N.Y.] :$bWiley
=264  31$aLondon :$bpublished by Hindawi as part of a publishing collaboration with John Wiley & Sons, Inc.
=310  \\$aQuarterly
=336  \\$atext$2rdacontent
=337  \\$acomputer$2rdamedia
=338  \\$aonline resource$2rdacarrier
=362  1\$aPrint began with vol. 2, no. 1 (winter 1982).
=500  \\$aDescription based on: Vol. 15, issue 1 (spring 1996); title from contents screen (viewed Mar. 3, 1998).
=588  \\$aLatest issue consulted: volume 33, issue 3 (Autumn 2014) (Wiley Online Library, viewed April 1, 2014).
=530  \\$aAlso issued in print.
=538  \\$aMode of access: World Wide Web.
=588  \\$aIncludes issues of earlier title: Advances in plastics technology.
=588  \\$aLatest issue consulted: volume 2019, article ID 7143023 (Hindawi Web site, viewed October 24, 2019).
=540  \\$aCurrent copyright fee: zero$c0$5Uk
=650  \0$aPlastics$vPeriodicals.
=650  \0$aPolymers$vPeriodicals.
=710  2\$aPolymer Processing Institute.
=776  1\$tAdvances in polymer technology$x0730-6679
=780  10$tAdvances in plastics techology
=859  \\$aELD$bejournal
=856  40$uhttps://www.hindawi.com/journals/apt/contents/
=852  41$aBritish Library$bSTI$jELD Digital store$3Volume 32:Issue 1(2013:Spring)-***Previous issues available in print copy
=852  41$aBritish Library$bDSC$j0710.610000$3Volume 25:Issue 1(2006)-Volume 33:Issue 4(2014)***See ESTAR for full holdings.
=945  \\$aAdvances in polymer technology
=959  \\$fHeld but not currently received
=985  \\$aCONFERENCE ANALYTIC RECORDS EXIST
=CAT  \\$a8141$b40$c20051124$lBLL01$h1104
=CAT  \\$aBATCH-UPD$b40$c20101116$lBLL01$h1334
=CAT  \\$aIPL-CLA$c20101231$lBLL01$h1517
=CAT  \\$a10997$b40$c20121203$lBLL01$h1308
=CAT  \\$aWR12_168$c20121206$lBLL01$h1816
=CAT  \\$a8411$b40$c20140331$lBLL01$h1200
=CAT  \\$a8483$b40$c20140401$lBLL01$h1414
=CAT  \\$a8483$b40$c20140401$lBLL01$h1417
=CAT  \\$aBLDSS-3PM$b00$c20141214$lBLL01$h1523
=CAT  \\$aBATCH-UPD$b00$c20150215$lBLL01$h1656
=CAT  \\$aIPL-CLA$c20150228$lBLL01$h2049
=CAT  \\$aCDS15-UPD$b40$c20150918$lBLL01$h1639
=CAT  \\$aBATCH-UPD$b40$c20160607$lBLL01$h1324
=CAT  \\$aW1711-1005$c20171206$lBLL01$h1817
=CAT  \\$aBATCH-UPD$b00$c20180219$lBLL01$h1747
=CAT  \\$aBATCH-UPD$b00$c20181121$lBLL01$h1622
=CAT  \\$aIPL-CLA$c20181231$lBLL01$h1543
=CAT  \\$a5552$b40$c20190610$lBLL01$h1110
=CAT  \\$a14412$b40$c20190710$lBLL01$h1450
=CAT  \\$a5410$b40$c20190925$lBLL01$h1459
=CAT  \\$a3072$b40$c20191024$lBLL01$h1625
=CAT  \\$a3072$b40$c20191024$lBLL01$h1643
=CAT  \\$a5552$b40$c20191104$lBLL01$h0928
=CAT  \\$a8055$b40$c20200812$lBLL01$h1436
=CAT  \\$a5552$b40$c20220124$lBLL01$h0834
=CAT  \\$aBATCH-FIX$c20230511$lBLL01$h1629
=CFI  0\$aCurrent copyright fee: zero$c0$e04-nov-2019$fGBP0.00$g0$hZ$5Uk
=CFI  2\$aPrevious copyright fee: zero$c35\0$e10-jun-2019$fGBP0.00$g0$hP$5Uk
=EST  \\$a1
=FIN  \\$aY$d20051124
=LET  \0$aAdvances in polymer technology (Electronic)
=LKR  \\$aPAR$b008206887$lBLL01$r776$mAdvances in polymer technology (Online)$nAdvances in polymer technology (Print)
=MNI  \\$a0730-6679
=SID  \\$aZ39$bOCLC
=TCO  \\$aTRS$bCCC$c008
=TOC  \\$aETOC
=ACF  \\$aPrevious copyright fee: GBP28.00$c35\0$e01-jan-2019$fGBP28.00$g0$hP$5Uk
=ACF  \\$aPrevious copyright fee: GBP24.00$c35\0$e01-mar-2015$fGBP24.00$g0$hP$5Uk
=ACF  \\$aPrevious Copyright Fee: GBP17.00$c35\0$e01-apr-2005$fGBP17.00$g0$hP$5Uk
=ACF  \\$aPrevious copyright fee: GBP22.00$c35\0$e01-jan-2011$fGBP22.00$g0$hP$5Uk
=LAS  \\$aBATCH-FIX$b00$c20230511$lBLL01$h1629

