=LDR  04229cas a2201021 a 4500
=001  013350608
=003  Uk
=005  20230511162903.0
=006  m\\\\\\\\d\\\\\\\\
=007  cr\|||||||||||
=008  020404c19949999gw\qr\pss\\\\\0\\\b0ger\d
=FMT  \\$a  SE
=010  \\$a2003252217
=015  \\$aGBB443037$2bnb
=022  \\$a1521-3730
=037  \\$aISSN_09445846$bPortico$nWiley
=040  \\$aTJC$cTJC$dWAU$dOCLCQ$dUk
=042  \\$aukblsr
=050  14$aQD1
=082  04$a540.5$223
=210  0\$aCHEMKON$b(Weinh., Internet)
=222  \0$aCHEMKON$b(Weinheim. Internet)
=245  00$aChemkon$h[electronic resource].
=246  13$aChemie konkret
=260  \\$aWeinheim, Germany :$bWiley-VCH
=310  \\$aQuarterly
=336  \\$atext$2rdacontent
=337  \\$acomputer$2rdamedia
=338  \\$aonline resource$2rdacarrier
=362  1\$aPrint began with: Vol. 1, issue 1 (1994).
=500  \\$aDescription based on: Vol. 9, issue 1 (Jan. 2002); title from contents (viewed Jan. 9, 2003).
=500  \\$aLatest issue consulted: volume 21, issue 1 (January 2014) (Wiley Online Library, viewed April 16, 2014).
=538  \\$aMode of access: World Wide Web.
=550  \\$aIssued by Fachgruppe Chemieunterricht der Gesellschaft Deutscher Chemiker.
=540  \\$aCurrent copyright fee: GBP32.00$c0$5Uk
=650  \0$aChemistry$vPeriodicals.
=710  2\$aGesellschaft Deutscher Chemiker.$bFachgruppe Chemieunterricht.
=776  08$iAlso issue in print as:$tChemkon (Weinheim)$x0944-5846
=859  \\$aELD$bejournal
=856  40$uhttp://onlinelibrary.wiley.com/journal/10.1002/(ISSN)1521-3730
=852  41$aBritish Library$bSTI$jELD Digital store$3Volume 20:Issue 1(2013:Jan.)-***Previous issues available in print copy
=852  41$aBritish Library$bDSC$j3172.252000$3Volume 8:Issue 4(2001)-Volume 21:Issue 4(2014)***See ESTAR for full holdings.
=945  \\$aCHEMKON -WEINHEIM-.
=959  \\$fHeld but not currently received
=979  \\$aBritish Library$bDSC$j3172.252000
=CAT  \\$a11281$b40$c20051201$lBLL01$h0855
=CAT  \\$a5997$b40$c20140416$lBLL01$h1150
=CAT  \\$a5997$b40$c20140416$lBLL01$h1202
=CAT  \\$aBLDSS-3PM$b00$c20141214$lBLL01$h1523
=CAT  \\$aBATCH-UPD$b00$c20150215$lBLL01$h1657
=CAT  \\$aIPL-CLA$c20150228$lBLL01$h2049
=CAT  \\$aCDS15-UPD$b40$c20150918$lBLL01$h1640
=CAT  \\$aBATCH-UPD$b40$c20160607$lBLL01$h1732
=CAT  \\$aW1711-1005$c20171206$lBLL01$h1818
=CAT  \\$aBATCH-UPD$b00$c20180219$lBLL01$h1748
=CAT  \\$aBATCH-UPD$b00$c20181121$lBLL01$h1622
=CAT  \\$aIPL-CLA$c20181231$lBLL01$h1543
=CAT  \\$a5410$b40$c20190903$lBLL01$h0936
=CAT  \\$a5410$b40$c20190903$lBLL01$h0937
=CAT  \\$aR1911-0245$c20191127$lBLL01$h0823
=CAT  \\$aR1911-0245$c20191127$lBLL01$h1045
=CAT  \\$aIPL-CLA$c20191231$lBLL01$h1936
=CAT  \\$aW2111-0842$c20211208$lBLL01$h1942
=CAT  \\$aIPL-CLA$c20211231$lBLL01$h1543
=CAT  \\$a5410$b40$c20221019$lBLL01$h1309
=CAT  \\$a8055$b40$c20221129$lBLL01$h1341
=CAT  \\$aIPL-CLA$c20221231$lBLL01$h1446
=CAT  \\$aDEL-3PM$c20230116$lBLL01$h0957
=CAT  \\$a12654$b40$c20230209$lBLL01$h0926
=CAT  \\$a12654$b40$c20230215$lBLL01$h1145
=CAT  \\$aBATCH-FIX$c20230511$lBLL01$h1629
=CFI  0\$aCurrent copyright fee: GBP32.00$c0$e15-feb-2023$fGBP32.00$g0$hC$5Uk
=CFI  2\$aBritish Library not licensed to copy$c0$e01-jan-2023$hC$iTX$5Uk
=EST  \\$a1
=FIN  \\$aY$d20051201
=LET  \0$aChemkon (Electronic)
=MNI  \\$a0944-5846
=SID  \\$aZ39$bOCLC
=TCO  \\$aDEU$bVG WORT$c008
=TOC  \\$aETOC
=UNO  \\$aY
=ACF  \\$aPrevious copyright fee: GBP39.00$c35\0$e01-jan-2022$fGBP39.00$g0$hP$5Uk
=ACF  \\$aPrevious Copyright Fee: GBP17.00$c35\0$e01-apr-2005$fGBP17.00$g0$hP$5Uk
=ACF  \\$aPrevious copyright fee: GBP22.00$c35\0$e01-jan-2011$fGBP22.00$g0$hP$5Uk
=ACF  \\$aPrevious copyright fee: GBP24.00$c35\0$e01-mar-2015$fGBP24.00$g0$hP$5Uk
=ACF  \\$aPrevious copyright fee: GBP28.00$c35\0$e01-jan-2019$fGBP28.00$g0$hP$5Uk
=ACF  \\$aPrevious Copyright Fee: GBP32.00$c35\0$e01-jan-2020$fGBP32.00$g0$hP$5Uk
=LAS  \\$aBATCH-FIX$b00$c20230511$lBLL01$h1629

