=LDR  03747cas a2200925 a 4500
=001  013350699
=003  Uk
=005  20230511162903.0
=006  m\\\\\\\\d\\\\\\\\
=007  cr\\n\\\\\\\\\
=008  980507c19529999enkbx\pss\\\\\0\\\a0eng\d
=FMT  \\$a  SE
=010  \\$a00238776
=015  \\$aGBA602652$2bnb
=022  0\$a1460-6976
=037  \\$aISSN_00018732$bPortico$nTaylor & Francis
=040  \\$aF#A$beng$cF#A$dOCL$dIUL$dEYM$dOCLCQ$dUk
=042  \\$aukblsr
=082  04$a530$222
=130  0\$aAdvances in physics (Online)
=210  0\$aAdv. phys.$b(Online)
=222  \0$aAdvances in physics$b(Online)
=245  10$aAdvances in physics$h[electronic resource].
=260  \\$a[London] :$bTaylor & Francis
=310  \\$aEight issues yearly
=336  \\$atext$2rdacontent
=337  \\$acomputer$2rdamedia
=338  \\$aonline resource$2rdacarrier
=362  1\$aPrint began in 1952.
=540  \\$aBritish Library not licensed to copy$c0$5Uk
=500  \\$aDescription based on: Vol. 47, no. 1 (Jan. 1998); title from journal information screen (viewed Sept. 14, 2000).
=530  \\$aAlso issued in print.
=538  \\$aMode of access: World Wide Web.
=650  \0$aPhysics$vPeriodicals.
=776  1\$tAdvances in physics$x0001-8732
=856  4\$uhttp://www.tandf.co.uk/journals/titles/00018732.asp
=859  \\$aELD$bejournal
=852  41$aBritish Library$bSTI$jELD Digital store$3Volume 65:Issue 1(2016)-***Previous issues available in print copy
=852  41$aBritish Library$bDSC$j0710.000000$3Volume 55:Issue 7/8(2006)-Volume 60:Issue 6(2011)***See ESTAR for full holdings.
=945  \\$aAdvances in Physics
=959  \\$fHeld but not currently received
=985  \\$aISSN responsibility transferred from ISSN UK Centre to U.S. ISSN Center Taylor & Francis, Multinational Publisher List, Summer 2016
=CAT  \\$a3072$b40$c20051201$lBLL01$h1024
=CAT  \\$aBATCH-UPD$b40$c20060901$lBLL01$h1031
=CAT  \\$a3072$b40$c20070206$lBLL01$h1144
=CAT  \\$a8124$b40$c20070317$lBLL01$h1130
=CAT  \\$a8124$b40$c20070317$lBLL01$h1135
=CAT  \\$a5552$b40$c20080401$lBLL01$h1607
=CAT  \\$a8180$b40$c20090205$lBLL01$h0839
=CAT  \\$aBATCH-UPD$b40$c20101201$lBLL01$h1250
=CAT  \\$a7364$b40$c20101202$lBLL01$h1550
=CAT  \\$a8464$b40$c20110124$lBLL01$h1151
=CAT  \\$a8464$b40$c20110124$lBLL01$h1159
=CAT  \\$aCDS12-UPD$b40$c20120116$lBLL01$h1728
=CAT  \\$aBATCH-CLA$b00$c20121109$lBLL01$h1728
=CAT  \\$aWR12_128$c20121113$lBLL01$h1834
=CAT  \\$a5552$b40$c20121126$lBLL01$h1315
=CAT  \\$a5552$b40$c20130530$lBLL01$h1227
=CAT  \\$a11296$b40$c20151124$lBLL01$h0949
=CAT  \\$a11296$b40$c20151124$lBLL01$h1148
=CAT  \\$a8037$b40$c20160120$lBLL01$h1430
=CAT  \\$a8464$b40$c20160126$lBLL01$h1533
=CAT  \\$a10983$b40$c20160201$lBLL01$h1639
=CAT  \\$a10983$b40$c20160201$lBLL01$h1640
=CAT  \\$aW1607-0553$c20160818$lBLL01$h0910
=CAT  \\$aW1607-0553$c20160818$lBLL01$h0915
=CAT  \\$aW1711-1005$c20171206$lBLL01$h1818
=CAT  \\$aBATCH-FIX$c20230511$lBLL01$h1629
=CFI  0\$aBritish Library not licensed to copy$c0$e30-may-2013$hC$iCFP Excluded$5Uk
=CFI  2\$aBritish Library not licensed to copy$c0$e26-nov-2012$hBL$iBLSX$5Uk
=EST  \\$a1
=FIN  \\$aY$d20051201
=MNI  \\$a0001-8732
=SID  \\$aZ39$bOCLC
=TCO  \\$aCLA$bCLA$c008
=TOC  \\$aETOC
=ACF  \\$aBritish Library not licensed to copy$c0$e01-apr-2008$hC$iCFP Excluded$5Uk
=ACF  \\$aCurrent copyright fee: GBP60.00$c2\0$e18-jul-2006$fGBP60.00$g0$hP$5Uk
=ACF  \\$aPrevious copyright fee: GBP18.00$c2\0$e01-jan-2005$fGBP18.00$g0$hP$5Uk
=LAS  \\$aBATCH-FIX$b00$c20230511$lBLL01$h1629

