=LDR  04593cas a2201033 a 4500
=001  013351801
=003  Uk
=005  20230511162904.0
=006  m\\\\\\\\d\\\\\\\\
=007  cr\|||||||||||
=008  980825d19742022xxuqr\pss\\\\\0\\\a0eng\d
=FMT  \\$a  SE
=010  \\$a2001213413
=015  \\$aGBB436752$2bnb
=022  0\$a1536-075X
=037  \\$aISSN_02710579$bPortico$nWiley
=040  \\$aF#A$cF#A$dOCL$dNSD$dOCLCQ$dUk
=042  \\$aukblsr
=043  \\$an-us---
=082  04$a378.1070973$222
=130  0\$aNew directions for institutional research (Online)
=222  \0$aNew directions for institutional research$b(Online)
=245  10$aNew directions for institutional research$h[electronic resource].
=260  \\$a[San Francisco, CA] :$bJossey-Bass,$c-2022.
=264  31$a[Hoboken, NJ] :$bWiley Periodicals, Inc
=310  \\$aQuarterly
=336  \\$atext$2rdacontent
=337  \\$acomputer$2rdamedia
=338  \\$aonline resource$2rdacarrier
=362  1\$aPrint began in 1974. Ceased with volume 2021, published in 2022.
=500  \\$aDescription based on: No. 97 (spring 1998); title from journal information screen (viewed Aug. 17, 1998).
=538  \\$aMode of access: World Wide Web.
=540  \\$aCurrent Copyright Fee: GBP32.00$c0$5Uk
=550  \\$aSponsored by the Association for Institutional Research.
=588  \\$aLatest issue consulted: volume 2021, issue 189/192 (spring/summer/fall/winter 2021) (Wiley Online Library, viewed Mar. 10, 2023).
=650  \0$aEducation, Higher$zUnited States$vPeriodicals.
=650  \0$aEducation, Higher$zUnited States$xEvaluation$vPeriodicals.
=650  \0$aEducational planning$zUnited States$vPeriodicals.
=710  2\$aAssociation for Institutional Research.
=776  08$iAlso issued in print as:$tNew directions for institutional research$x0271-0579
=859  \\$aELD$bejournal
=856  40$uhttp://onlinelibrary.wiley.com/journal/10.1002/(ISSN)1536-075X
=852  41$aBritish Library$bHMNTS$jELD Digital store$3Issue 158(2013)-Volume 2021:Issue 189/192(2021)***Previous issues available in print copy
=852  41$aBritish Library$bDSC$j6083.390000$3Issue 129(2006)-Volume 2014:Issue 162(2014)***See ESTAR for full holdings.
=945  \\$aNew directions for institutional research
=959  \\$fHeld but not currently received
=CAT  \\$a8141$b40$c20051202$lBLL01$h1407
=CAT  \\$a5997$b40$c20140404$lBLL01$h0749
=CAT  \\$a5997$b40$c20140404$lBLL01$h0758
=CAT  \\$a10983$b40$c20140409$lBLL01$h1209
=CAT  \\$aBLDSS-3PM$b00$c20141214$lBLL01$h1523
=CAT  \\$aBATCH-UPD$b00$c20150215$lBLL01$h1657
=CAT  \\$aIPL-CLA$c20150228$lBLL01$h2049
=CAT  \\$aCDS15-UPD$b40$c20150918$lBLL01$h1640
=CAT  \\$aBATCH-UPD$b40$c20160530$lBLL01$h0003
=CAT  \\$aW1711-1005$c20171206$lBLL01$h1818
=CAT  \\$aBATCH-UPD$b00$c20180219$lBLL01$h1748
=CAT  \\$aBATCH-UPD$b00$c20181121$lBLL01$h1622
=CAT  \\$aIPL-CLA$c20181231$lBLL01$h1543
=CAT  \\$aR1911-0245$c20191127$lBLL01$h0823
=CAT  \\$aR1911-0245$c20191127$lBLL01$h1045
=CAT  \\$aIPL-CLA$c20191231$lBLL01$h1936
=CAT  \\$a5410$b40$c20200906$lBLL01$h0001
=CAT  \\$a12654$b40$c20211026$lBLL01$h0845
=CAT  \\$aIPL-CLA$c20211231$lBLL01$h1543
=CAT  \\$a12654$b40$c20220104$lBLL01$h0736
=CAT  \\$aDEL-3PM$c20220105$lBLL01$h1525
=CAT  \\$aBATCH-CLA$b00$c20221221$lBLL01$h1846
=CAT  \\$aIPL-CLA$c20221231$lBLL01$h1446
=CAT  \\$a10969$b40$c20230310$lBLL01$h1104
=CAT  \\$a8055$b40$c20230314$lBLL01$h1240
=CAT  \\$aBATCH-FIX$c20230511$lBLL01$h1629
=CFI  0\$aCurrent Copyright Fee: GBP32.00$c0$e14-mar-2023$fGBP32.00$g0$hC$5Uk
=CFI  2\$aPrevious Copyright Fee: GBP25.00$c0$e01-jan-2023$fGBP25.00$g0$hA$5Uk
=EST  \\$a1
=FIN  \\$aY$d20051202
=LET  \0$aNew directions for institutional research (Electronic)
=MNI  \\$a0271-0579
=SID  \\$aZ39$bOCLC
=TCO  \\$aTRS$bCCC$c008
=TOC  \\$aETOC
=UNO  \\$aY
=ACF  \\$aPrevious Copyright Fee: GBP22.50$c0$e01-jan-2022$fGBP22.50$g0$hA$5Uk
=ACF  \\$aPrevious Copyright Fee: GBP17.00$c35\0$e01-apr-2005$fGBP17.00$g0$hP$5Uk
=ACF  \\$aPrevious copyright fee: GBP22.00$c35\0$e01-jan-2011$fGBP22.00$g0$hP$5Uk
=ACF  \\$aPrevious copyright fee: GBP24.00$c35\0$e01-mar-2015$fGBP24.00$g0$hP$5Uk
=ACF  \\$aPrevious copyright fee: GBP28.00$c35\0$e01-jan-2019$fGBP28.00$g0$hP$5Uk
=ACF  \\$aPrevious Copyright Fee: GBP32.00$c35\0$e01-jan-2020$fGBP32.00$g0$hP$5Uk
=LAS  \\$aBATCH-FIX$b00$c20230511$lBLL01$h1629

