=LDR  04999cas a2201069 a 4500
=001  013355117
=003  Uk
=005  20230209233655.0
=008  050510d18752013gw\fr\p\o\\\\\0\\\b0eng\d
=FMT  \\$a  SE
=022  0\$a1860-1324$y1435-1951$y0012-0073
=037  \\$aISSN_14351951$bPortico$nWiley
=040  \\$aOUN$beng$cOUN$dOCL$dUk
=042  \\$aukblsr
=082  04$a595.705$222
=130  0\$aDeutsche entomologische Zeitschrift (Online)
=222  \0$aMitteilungen aus dem Museum für Naturkunde in Berlin. Deutsche entomologische Zeitschrift$b(Internet)
=245  10$aDeutsche entomologische Zeitschrift$h[electronic resource].
=246  3\$aMitteilungen aus dem Museum für Naturkunde in Berlin.$pDeutsche entomologische Zeitschrift
=260  \\$aWeinheim :$bWiley
=310  \\$aSemiannual
=336  \\$atext$2rdacontent
=337  \\$acomputer$2rdamedia
=338  \\$aonline resource$2rdacarrier
=362  1\$aPrint began with 19. Jahrg., 1. und 2. Heft, published in 1875.
=490  0\$aMitteilungen aus dem Museum für Naturkunde in Berlin
=500  \\$aDescription based on May 10, 2005 viewing.
=516  \\$aPDF format
=538  \\$aMode of access: World Wide Web; may require Adobe Acrobat Reader.
=530  \\$aAlso issued in print.
=540  \\$aCurrent Copyright Fee: GBP28.00$c0$5Uk
=650  \0$aEntomology$vPeriodicals.
=710  2\$aMuseum für Naturkunde in Berlin.
=776  1\$tDeutsche entomologische Zeitschrift$x0012-0073
=859  \\$aELD$bejournal
=856  40$uhttp://onlinelibrary.wiley.com/journal/10.1002/(ISSN)1860-1324
=852  41$aBritish Library$bHMNTS$jELD Digital store$3Volume 60:Issue 1(2013:May)-Volume 60:Issue 2(2013:Nov.)
=852  41$aBritish Library$bDSC$j3566.000000$3Volume 53:Issue 1(2006)-Volume 60:Issue 2(2013)***See ESTAR for full holdings.
=945  \\$aDeutsche entomologische Zeitschrift.
=959  \\$fHeld but not currently received
=985  \\$aMoved from Wiley to become Open Access from 2014.
=CAT  \\$a8141$b40$c20051207$lBLL01$h0932
=CAT  \\$aBATCH-CLA$b00$c20140530$lBLL01$h1714
=CAT  \\$aIPL-CLA$c20140630$lBLL01$h1726
=CAT  \\$aBATCH-CLA$b00$c20140929$lBLL01$h1815
=CAT  \\$aIPL-CLA$c20140930$lBLL01$h1635
=CAT  \\$aBATCH-CLA$b00$c20141128$lBLL01$h0930
=CAT  \\$aIPL-CLA$c20141231$lBLL01$h1653
=CAT  \\$aBATCH-CLA$b00$c20150325$lBLL01$h1805
=CAT  \\$aIPL-CLA$c20150331$lBLL01$h1642
=CAT  \\$aBATCH-CLA$b00$c20150529$lBLL01$h1528
=CAT  \\$aIPL-CLA$c20150630$lBLL01$h1649
=CAT  \\$aBATCH-CLA$b00$c20150928$lBLL01$h1721
=CAT  \\$aIPL-CLA$c20150930$lBLL01$h1810
=CAT  \\$aBATCH-CLA$b00$c20151127$lBLL01$h1630
=CAT  \\$aIPL-CLA$c20151231$lBLL01$h1923
=CAT  \\$a10806$b40$c20160121$lBLL01$h1214
=CAT  \\$aWR14_185$c20160214$lBLL01$h1232
=CAT  \\$aWR14_185$c20160214$lBLL01$h1239
=CAT  \\$aBATCH-CLA$b00$c20160325$lBLL01$h0907
=CAT  \\$aIPL-CLA$c20160331$lBLL01$h1731
=CAT  \\$a7778$b40$c20170106$lBLL01$h0810
=CAT  \\$aW1711-1005$c20171206$lBLL01$h1818
=CAT  \\$aBATCH-CLA$b00$c20190228$lBLL01$h1624
=CAT  \\$aIPL-CLA$c20190331$lBLL01$h1726
=CAT  \\$aBATCH-CLA$b00$c20221130$lBLL01$h1501
=CAT  \\$aIPL-CLA$c20221231$lBLL01$h1446
=CAT  \\$aBATCH-CLA$b00$c20230209$lBLL01$h1547
=CAT  \\$aIPL-CLA$c20230209$lBLL01$h2336
=CFI  0\$aCurrent Copyright Fee: GBP28.00$c0$e09-feb-2023$fGBP28.00$g0$hC$5Uk
=CFI  2\$aBritish Library not licensed to copy$c0$e01-jan-2023$hC$iCFP Excluded$5Uk
=EST  \\$a1
=FIN  \\$aY$d20051207
=LKR  \\$aPAR$b007166246$lBLL01$r776$mDeutsche entomologische Zeitschrift (Online)$nDeutsche entomologische Zeitschrift
=MNI  \\$a0012-0073
=SID  \\$aZ39$bOCLC
=TCO  \\$aDEU$bVG WORT$c008
=TOC  \\$aETOC
=ACF  \\$aPrevious copyright fee: GBP22.00$c35\0$e01-jan-2011$fGBP22.00$g0$hP$5Uk
=ACF  \\$aPrevious copyright fee: GBP17.00$c35\0$e01-jan-2006$fGBP17.00$g0$hP$5Uk
=ACF  \\$aBritish Library not licensed to copy$c0$e06-feb-2014$hC$iTX$5Uk
=ACF  \\$aPrevious Copyright Fee: GBP22.00$c0$e01-apr-2014$fGBP22.00$g0$hC$5Uk
=ACF  \\$aBritish Library not licensed to copy$c0$e01-jul-2014$hC$iCFP Excluded$5Uk
=ACF  \\$aPrevious Copyright Fee: GBP22.00$c0$e01-oct-2014$fGBP22.00$g0$hC$5Uk
=ACF  \\$aBritish Library not licensed to copy$c0$e01-jan-2015$hC$iCFP Excluded$5Uk
=ACF  \\$aPrevious Copyright Fee: GBP22.00$c0$e01-apr-2015$fGBP22.00$g0$hC$5Uk
=ACF  \\$aBritish Library not licensed to copy$c0$e01-jul-2015$hC$iCFP Excluded$5Uk
=ACF  \\$aPrevious Copyright Fee: GBP24.00$c0$e01-oct-2015$fGBP24.00$g0$hC$5Uk
=ACF  \\$aBritish Library not licensed to copy$c0$e01-jan-2016$hC$iCFP Excluded$5Uk
=ACF  \\$aPrevious Copyright Fee: GBP24.00$c0$e01-apr-2016$fGBP24.00$g0$hC$5Uk
=ACF  \\$aPrevious Copyright Fee: GBP28.00$c0$e01-apr-2019$fGBP28.00$g0$hC$5Uk
=LAS  \\$aIPL-CLA$b00$c20230209$lBLL01$h2336

