=LDR  04640cas a2201069 i 4500
=001  013356667
=003  Uk
=005  20230511162905.0
=006  m\\\\\\\\d\\\\\\\\
=007  cr||||||||||||
=008  041209d20032013enkqx\pss\\\\\0\\\a0eng\d
=FMT  \\$a  SE
=015  \\$aGBA604881$2bnb
=022  0\$a1740-2530$202
=037  \\$aISSN_17402522$bPortico$nHindawi
=040  \\$aVPI$beng$cVPI$dOCLCQ$dCOU$dOCL$dUk
=042  \\$aissnuk$aukblsr
=082  04$a571.9638$222
=130  0\$aClinical & developmental immunology (Online)
=210  10$aClin. dev. immunol.$b(Online)
=222  \0$aClinical and developmental immunology$b(Online)
=245  10$aClinical & developmental immunology$h[electronic resource].
=246  3\$aClinical and developmental immunology
=260  \\$aAbingdon, U.K. :$bTaylor & Francis Health Sciences,$c2003-[2013]
=310  \\$aQuarterly
=336  \\$atext$2rdacontent
=337  \\$acomputer$2rdamedia
=338  \\$aonline resource$2rdacarrier
=362  0\$aVol. 10, no. 1 (Mar. 2003)-
=500  \\$aDescription based on: Vol. 10, no. 1 (Mar. 2003); title from cover (viewed Dec. 09, 2004).
=538  \\$aMode of access: World Wide Web.
=540  \\$aCurrent copyright fee: GBP29.00$c0$5Uk
=650  \0$aDevelopmental immunology$vPeriodicals.
=650  \0$aClinical immunology$vPeriodicals.
=650  12$aImmune System$ximmunology$vPeriodicals.
=650  22$aImmune System$xgrowth & development$vPeriodicals.
=650  22$aImmune System Diseases$ximmunology$vPeriodicals.
=776  1\$tClinical & developmental immunology$x1740-2522
=780  00$tDevelopmental immunology$x1029-2357
=785  00$tJournal of immunology research$x2314-7156
=859  \\$aELD$bejournal
=856  40$uhttps://www.ncbi.nlm.nih.gov/pmc/journals/499/
=852  41$aBritish Library$bHMNTS$jELD Digital store$3Volume 10:Issue 1(2003)-Volume 2014(2014)
=852  41$aBritish Library$bDSC$j3286.248400$3Volume 13:Issue 1(2006)-Volume 13:Issue 2(2006)***See ESTAR for full holdings.
=945  \\$aClinical and developmental immunology
=959  \\$fHeld but not currently received
=CAT  \\$a7332$b40$c20051208$lBLL01$h1607
=CAT  \\$aBATCH$b00$c20080330$lBLL01$h2305
=CAT  \\$a7100$b40$c20080514$lBLL01$h0906
=CAT  \\$aBATCH-UPD$b40$c20081119$lBLL01$h1513
=CAT  \\$aBATCH-UPD$b40$c20081231$lBLL01$h2322
=CAT  \\$aBATCH-UPD$b40$c20090101$lBLL01$h0054
=CAT  \\$aBATCH$b00$c20090101$lBLL01$h0229
=CAT  \\$a11033$b40$c20090415$lBLL01$h1412
=CAT  \\$aBATCH-UPD$b40$c20091118$lBLL01$h1241
=CAT  \\$aBATCH-UPD$b40$c20091231$lBLL01$h1811
=CAT  \\$aBATCH-UPD$b40$c20091231$lBLL01$h1830
=CAT  \\$aBATCH$b00$c20091231$lBLL01$h1850
=CAT  \\$aBATCH-UPD$b00$c20101116$lBLL01$h1330
=CAT  \\$aIPL-CLA$c20101231$lBLL01$h1517
=CAT  \\$aBATCH-UPD$b00$c20111123$lBLL01$h1840
=CAT  \\$aIPL-CLA$c20111230$lBLL01$h2023
=CAT  \\$a5552$b40$c20120619$lBLL01$h0904
=CAT  \\$aBATCH-CLA$b00$c20121109$lBLL01$h1728
=CAT  \\$aWR12_168$c20121206$lBLL01$h1816
=CAT  \\$aWR14_140$c20140905$lBLL01$h1810
=CAT  \\$a11205$b40$c20180828$lBLL01$h1036
=CAT  \\$a5552$b40$c20180829$lBLL01$h1328
=CAT  \\$a10973$b40$c20180831$lBLL01$h1140
=CAT  \\$a9658$b40$c20190401$lBLL01$h1200
=CAT  \\$a10969$b40$c20190624$lBLL01$h1600
=CAT  \\$a10983$b40$c20190730$lBLL01$h1141
=CAT  \\$aBATCH-FIX$c20230511$lBLL01$h1629
=CFI  0\$aCurrent copyright fee: GBP29.00$c0$e29-aug-2018$fGBP29.00$g0$hC$5Uk
=CFI  2\$aPrevious copyright fee: GBP29.37$c0$e19-jun-2012$fGBP29.37$g0$hC$5Uk
=EST  \\$a1
=FIN  \\$aY$d20051208
=LEO  \\$aMP22.0000070823
=LKR  \\$aPAR$b019407436$lBLL01$r78000$mClinical and developmental immunology (Online)$nDevelopmental immunology (Online)
=MNI  \\$a1740-2522
=SID  \\$aZ39$bOCLC
=SRC  \\$aISN01$bbibmp22.200404.2.aa
=TCO  \\$aCLA$bCLA$c008
=TOC  \\$aETOC
=ACF  \\$aPrevious copyright fee: GBP27.00$c2\0$e01-jan-2012$fGBP27.00$g0$hP$5Uk
=ACF  \\$aPrevious copyright fee: GBP25.00$c2\0$e01-jan-2011$fGBP25.00$g0$hP$5Uk
=ACF  \\$aPrevious copyright fee: GBP21.00$c2\0$e01-jan-2010$fGBP21.00$g0$hP$5Uk
=ACF  \\$aPrevious copyright fee: GBP20.00$c2\0$e01-jan-2009$fGBP20.00$g0$hP$5Uk
=ACF  \\$aPrevious copyright fee: GBP19.00$c2\0$e01-apr-2008$fGBP19.00$g0$hP$5Uk
=ACF  \\$aPrevious Copyright Fee: GBP20.00$c2\0$e01-jan-2007$fGBP20.00$g0$hP$5Uk
=ACF  \\$aPrevious copyright fee: GBP18.00$c2\0$e01-jan-2005$fGBP18.00$g0$hP$5Uk
=LAS  \\$aBATCH-FIX$b00$c20230511$lBLL01$h1629

