=LDR  05489cas a2201165 a 4500
=001  013358314
=003  Uk
=005  20230516090357.0
=006  m\\\\\\\\d\\\\\\\\
=007  cr|mnu||||||||
=008  000913c19959999enkqr\pss\\\\\0\\\a0eng\d
=FMT  \\$a  SE
=015  \\$aGBA605365$2bnb
=022  0\$a1469-9877$202
=037  \\$aISSN_13532944_30$bPortico$nCambridge University Press
=040  \\$aF#A$beng$cF#A$dOCLCQ$dOCLCS$dUk
=042  \\$aukblsr$aissnuk
=043  \\$ae-it---
=082  04$a945.092$222
=130  0\$aModern Italy (Online)
=210  0\$aMod. Italy$b(Online)
=222  \0$aModern Italy$b(Online)
=245  10$aModern Italy$h[electronic resource].
=260  \\$a[Great Britain] :$b[Association for the Study of Modern Italy],$c[1995]-
=260  2\$a[Abingdon, Oxfordshire] :$bCarfax International Publishers
=260  2\$a[Abingdon] :$bRoutledge
=264  31$32016-$a[Cambridge, UK] :$bCambridge University Press
=310  \\$aQuarterly
=336  \\$atext$2rdacontent
=337  \\$acomputer$2rdamedia
=338  \\$aonline resource$2rdacarrier
=362  1\$aPrint began with vol. 1, no. 1 (autumn 1995).
=500  \\$aDescription based on: Vol. 5, no. 1 (May 2000); title from journal information screen (viewed Aug. 30, 2000).
=550  \\$aFounded by the Association for the Study of Modern Italy.
=588  \\$aLatest issue consulted: volume 21, issue 01 (February 2016) (Cambridge Journals, viewed April 19, 2016).
=538  \\$aMode of access: World Wide Web.
=540  \\$aCurrent Copyright Fee: GBP22.50$c0$5Uk
=651  \0$aItaly$xHistory$y1945-$vPeriodicals.
=651  \0$aItaly$xPolitics and government$y20th century$vPeriodicals.
=710  2\$aAssociation for the Study of Modern Italy.
=776  08$iAlso issued in print as:$tModern Italy$x1353-2944
=856  40$uhttp://journalsonline.tandf.co.uk/app/home/journal.asp?wasp=d66fb250b7b04cf987f3f7dbe3f214df&referrer=parent&backto=searchpublicationsresults,1,1;homemain,1,1;
=856  40$uhttp://journals.cambridge.org/action/displayJournal?jid=MIT
=859  \\$aELD$bejournal
=852  41$aBritish Library$bHMNTS$jELD Digital store$3Volume 9:Issue 2(2004)-
=852  41$aBritish Library$bDSC$j5887.310000$3Volume 11:Issue 1(2006)-Volume 16:Issue 4(2011)***See ESTAR for full holdings.
=945  \\$aMODERN ITALY.
=959  \\$fHeld but not currently received
=985  \\$aISSN note: responsibility for ISSN transferred from ISSN UK Centre to U.S. ISSN Center, 23.01.14
=985  \\$aISSN responsibility transferred from US ISSN Center to ISSN UK, 26.04.2016.
=CAT  \\$a7332$b40$c20051212$lBLL01$h1426
=CAT  \\$aIPL-CLA$c20131231$lBLL01$h2358
=CAT  \\$a11315$b40$c20140123$lBLL01$h1333
=CAT  \\$aBATCH-UPD$b40$c20141124$lBLL01$h1742
=CAT  \\$aBLDSS-3PM$b00$c20141130$lBLL01$h1249
=CAT  \\$aIPL-CLA$c20141231$lBLL01$h1653
=CAT  \\$aBATCH-UPD$b00$c20151119$lBLL01$h1521
=CAT  \\$aIPL-CLA$c20151231$lBLL01$h1923
=CAT  \\$a11205$b40$c20160419$lBLL01$h1124
=CAT  \\$a11313$b40$c20160426$lBLL01$h1520
=CAT  \\$a5552$b40$c20160603$lBLL01$h1217
=CAT  \\$a10983$b40$c20160624$lBLL01$h1143
=CAT  \\$aIPL-CLA$c20160630$lBLL01$h1605
=CAT  \\$aBATCH-UPD$b00$c20160705$lBLL01$h2158
=CAT  \\$a10983$b40$c20170215$lBLL01$h1605
=CAT  \\$aW1711-1005$c20171206$lBLL01$h1818
=CAT  \\$aW1902-1304$c20190314$lBLL01$h1239
=CAT  \\$aBATCH-UPD$b00$c20190314$lBLL01$h1618
=CAT  \\$aIPL-CLA$c20190331$lBLL01$h1726
=CAT  \\$aDEL-3PM$c20190409$lBLL01$h0905
=CAT  \\$aBATCH-CLA$b00$c20191219$lBLL01$h1735
=CAT  \\$aIPL-CLA$c20191231$lBLL01$h1937
=CAT  \\$aR2001-1524$c20200127$lBLL01$h2015
=CAT  \\$a12654$b40$c20200129$lBLL01$h1102
=CAT  \\$aBATCH-FIX$c20230511$lBLL01$h1629
=CAT  \\$a12654$b40$c20230516$lBLL01$h0903
=CFI  0\$aCurrent Copyright Fee: GBP22.50$c0$e16-may-2023$fGBP22.50$g0$hC$5Uk
=CFI  2\$aPrevious Copyright Fee: GBP10.00$c0$e29-jan-2020$fGBP10.00$g0$hC$5Uk
=CFI  2\$aPrevious Copyright Fee: GBP20.00$c0$e01-jan-2020$fGBP20.00$g0$hA$5Uk
=EST  \\$a1
=FIN  \\$aY$d20051212
=LET  \0$aModern Italy (Electronic)
=MNI  \\$a1353-2944
=SID  \\$aZ39$bOCLC
=TCO  \\$aCLA$bCLA$c008
=TOC  \\$aETOC
=ACF  \\$aPrevious Copyright Fee: GBP17.50$c0$e01-apr-2019$fGBP17.50$g0$hA$5Uk
=ACF  \\$aPrevious copyright fee: GBP17.00$c1\0$e01-jan-2010$fGBP17.00$g0$hP$5Uk
=ACF  \\$aPrevious copyright fee: GBP16.00$c1\0$e01-jan-2009$fGBP16.00$g0$hP$5Uk
=ACF  \\$aPrevious copyright fee: GBP15.00$c1\0$e01-apr-2008$fGBP15.00$g0$hP$5Uk
=ACF  \\$aPrevious copyright fee: GBP16.00$c1\0$e01-jan-2007$fGBP16.00$g0$hP$5Uk
=ACF  \\$aPrevious copyright fee: GBP13.00$c1\0$e01-jan-2005$fGBP13.00$g0$hP$5Uk
=ACF  \\$aPrevious copyright fee: GBP21.00$c1\0$e01-jan-2011$fGBP21.00$g0$hP$5Uk
=ACF  \\$aPrevious copyright fee: GBP23.00$c1\0$e01-jan-2012$fGBP23.00$g0$hP$5Uk
=ACF  \\$aPrevious copyright fee: GBP23.50$c1\0$e01-jan-2013$fGBP23.50$g0$hP$5Uk
=ACF  \\$aPrevious copyright fee: GBP24.00$c1\0$e01-jan-2014$fGBP24.00$g0$hP$5Uk
=ACF  \\$aPrevious copyright fee: GBP25.00$c1\0$e01-jan-2015$fGBP25.00$g0$hP$5Uk
=ACF  \\$aPrevious copyright fee: GBP26.00$c1\0$e01-jan-2016$fGBP26.00$g0$hP$5Uk
=ACF  \\$aPrevious copyright fee: GBP25.00$c43\0$e01-jul-2016$fGBP25.00$g0$hP$5Uk
=LAS  \\$a12654$b40$c20230516$lBLL01$h0903

