=LDR  06190cas a2201285 a 4500
=001  013359008
=003  Uk
=005  20221231144706.0
=006  m\\\\\\\\u\\\\\\\\
=007  cr\|||||||||||
=008  030811c19679999nyuqr\pss\\\\\0\\\a0eng\d
=FMT  \\$a  SE
=015  \\$aGBB612450$2bnb
=022  \\$a1475-4819$y0021-0862$202
=037  \\$aISSN_00210862$bPortico$nTaylor & Francis
=037  3\$aISSN_00210862_30$bPortico$nCambridge University Press
=040  \\$aAMH$cAMH$dOCLCQ$dOCL$dDLC$dOCLCQ$dOCLCS$dUk
=042  \\$aukblsr$aissnuk
=043  \\$aa-ir---
=082  04$a955$222
=130  0\$aIranian studies (Online)
=222  \0$aIranian studies$b(Online)
=245  10$aIranian studies$h[electronic resource] :$bbulletin of the Society for Iranian Cultural and Social Studies.
=260  \\$a[New Haven, Conn.] :$bSociety for Iranian Cultural and Social Studies
=260  2\$aAbingdon :$bRoutledge
=264  31$32022-$aNew York, NY :$bCambridge University Press on behalf of the Association for Iranian Studies
=310  \\$aQuarterly,$b2022-
=321  \\$aBimonthly,$b2011-2021
=321  \\$aFive times a year,$b2007-2010
=321  \\$aQuarterly,$b-2006
=336  \\$atext$2rdacontent
=337  \\$acomputer$2rdamedia
=338  \\$aonline resource$2rdacarrier
=362  1\$aPrint began with vol. 1, no. 1 (winter 1967).
=500  \\$aSubtitle varies.
=500  \\$aImprint varies: 1967-, New Haven, Conn.; <winter 1985->, New York, N.Y.; <winter/spring 1997-> Princeton, N.J.; <2003->, Hants, U.K. : Carfax Pub.
=538  \\$aMode of access: World Wide Web.
=546  \\$aEnglish and Persian.
=550  \\$aIssued by: Society for Iranian Cultural and Social Studies, winter 1967-summer 1968; by: Society for Iranian Studies, autumn 1968-
=555  \\$aVols. 1 (1967/1968)-15 (1982). 1 v.
=588  \\$aLatest issue consulted: volume 55, issue 1 (January 2022) (Cambridge Core, viewed March 24, 2022).
=540  \\$aCurrent Copyright Fee: GBP25.00$c0$5Uk
=651  \0$aIran$vPeriodicals.
=710  2\$aSociety for Iranian Cultural and Social Studies.
=710  2\$aSociety for Iranian Studies.
=710  2\$aInternatioanl Society for Iranian Studies.
=710  2\$aAssociation for Iranian Studies.
=776  08$iAlso issued in print:$tIranian studies$x0021-0862
=859  \\$aELD$bejournal
=856  40$uhttp://www.tandf.co.uk/journals/titles/00210862.asp
=856  40$uhttps://www.cambridge.org/core/journals/iranian-studies
=852  41$aBritish Library$bHMNTS$jELD Digital store$3Volume 47:Issue 1(2014)-
=852  41$aBritish Library$bDSC$j4567.534000$3Volume 39:Issue 1(2006)-Volume 44:Issue 6(2011)***See ESTAR for full holdings.
=945  \\$aIranian studies.
=959  \\$fHeld but not currently received
=985  \\$aISSN responsibility transferred from ISSN UK Centre to U.S. ISSN Center Taylor & Francis, Multinational Publisher List, Summer 2016
=985  \\$aISSN UK Centre: ISSN responsibility transferred from US Center 24/3/22.
=CAT  \\$a3072$b40$c20051213$lBLL01$h1031
=CAT  \\$aBATCH-UPD$b40$c20160717$lBLL01$h2301
=CAT  \\$aW1607-0553$c20160818$lBLL01$h0910
=CAT  \\$aW1607-0553$c20160818$lBLL01$h0915
=CAT  \\$aBATCH-UPD$b00$c20161122$lBLL01$h1443
=CAT  \\$aIPL-CLA$c20161230$lBLL01$h2150
=CAT  \\$aBATCH-UPD$b00$c20171121$lBLL01$h1623
=CAT  \\$aW1711-1005$c20171206$lBLL01$h1818
=CAT  \\$aIPL-CLA$c20171231$lBLL01$h1650
=CAT  \\$aBATCH-UPD$b00$c20181217$lBLL01$h1629
=CAT  \\$aIPL-CLA$c20181231$lBLL01$h1543
=CAT  \\$aBATCH-UPD$b00$c20191122$lBLL01$h1842
=CAT  \\$aIPL-CLA$c20191231$lBLL01$h1937
=CAT  \\$aBATCH-UPD$b00$c20201118$lBLL01$h1324
=CAT  \\$aIPL-CLA$c20201231$lBLL01$h1529
=CAT  \\$a12654$b40$c20211026$lBLL01$h1122
=CAT  \\$aIPL-CLA$c20211231$lBLL01$h1543
=CAT  \\$aDEL-3PM$c20220105$lBLL01$h1525
=CAT  \\$a10973$b40$c20220324$lBLL01$h0948
=CAT  \\$a10973$b40$c20220324$lBLL01$h0951
=CAT  \\$a10973$b40$c20220324$lBLL01$h1629
=CAT  \\$a15190$b40$c20220927$lBLL01$h1009
=CAT  \\$a8124$b40$c20221004$lBLL01$h1405
=CAT  \\$a15020$b40$c20221126$lBLL01$h0745
=CAT  \\$aBATCH-CLA$b00$c20221221$lBLL01$h1846
=CAT  \\$aIPL-CLA$c20221231$lBLL01$h1447
=CFI  0\$aCurrent Copyright Fee: GBP25.00$c0$e01-jan-2023$fGBP25.00$g0$hA$5Uk
=CFI  2\$aPrevious copyright fee: GBP22.50$c0$e01-jan-2022$fGBP22.50$g0$hA$5Uk
=EST  \\$a1
=FIN  \\$aY$d20051213
=LET  \0$aIranian studies (Electronic)
=LKR  \\$aPAR$b009863095$lBLL01$r776$mIranian studies (Online)$nIranian studies (Print)
=MNI  \\$a0021-0862
=SID  \\$aZ39$bOCLC
=TCO  \\$aCLA$bCLA$c008
=TOC  \\$aETOC
=ACF  \\$aPrevious copyright fee: GBP17.00$c1\0$e01-jan-2010$fGBP17.00$g0$hP$5Uk
=ACF  \\$aPrevious copyright fee: GBP16.00$c1\0$e01-jan-2009$fGBP16.00$g0$hP$5Uk
=ACF  \\$aPrevious copyright fee: GBP15.00$c1\0$e01-apr-2008$fGBP15.00$g0$hP$5Uk
=ACF  \\$aPrevious copyright fee: GBP16.00$c1\0$e01-jan-2007$fGBP16.00$g0$hP$5Uk
=ACF  \\$aPrevious copyright fee: GBP13.00$c1\0$e01-jan-2005$fGBP13.00$g0$hP$5Uk
=ACF  \\$aPrevious copyright fee: GBP21.00$c1\0$e01-jan-2011$fGBP21.00$g0$hP$5Uk
=ACF  \\$aPrevious copyright fee: GBP23.00$c1\0$e01-jan-2012$fGBP23.00$g0$hP$5Uk
=ACF  \\$aPrevious copyright fee: GBP23.50$c1\0$e01-jan-2013$fGBP23.50$g0$hP$5Uk
=ACF  \\$aPrevious copyright fee: GBP24.00$c1\0$e01-jan-2014$fGBP24.00$g0$hP$5Uk
=ACF  \\$aPrevious copyright fee: GBP25.00$c1\0$e01-jan-2015$fGBP25.00$g0$hP$5Uk
=ACF  \\$aPrevious copyright fee: GBP26.00$c1\0$e01-jan-2016$fGBP26.00$g0$hP$5Uk
=ACF  \\$aPrevious copyright fee: GBP28.00$c1\0$e01-jan-2017$fGBP28.00$g0$hP$5Uk
=ACF  \\$aPrevious copyright fee: GBP30.00$c1\0$e01-jan-2018$fGBP30.00$g0$hP$5Uk
=ACF  \\$aPrevious copyright fee: GBP32.00$c1\0$e01-jan-2019$fGBP32.00$g0$hP$5Uk
=ACF  \\$aPrevious copyright fee: GBP34.00$c1\0$e01-jan-2020$fGBP34.00$g0$hP$5Uk
=ACF  \\$aPrevious copyright fee: GBP35.00$c1\0$e01-jan-2021$fGBP35.00$g0$hP$5Uk
=LAS  \\$aIPL-CLA$b00$c20221231$lBLL01$h1447

