=LDR  05547cas a2201129 a 4500
=001  013411954
=003  Uk
=005  20230511162908.0
=006  m\\\\\\\\d\|\\\\\\
=007  cr||||||||||||
=008  060224d19742021enkqr\p\s\\\\\0\\\a0eng\\
=FMT  \\$a  SE
=015  \\$aGBA6A1389$2bnb
=022  0\$a1750-5976
=037  \\$aISSN_03050718$bPortico$nTaylor & Francis
=040  \\$aUk$beng$cUk
=042  \\$aukblsr
=082  04$a349.11241$222
=130  0\$aCommonwealth law bulletin (Online)
=222  \0$aCommonwealth law bulletin$b(Online)
=245  10$aCommonwealth law bulletin$h[electronic resource].
=260  \\$aLondon :$bCommonwealth Secretariat,$c1974-[2021]
=260  3\$32006-$aAbingdon :$bRoutledge, Taylor & Francis Group
=310  \\$aQuarterly
=336  \\$atext$2rdacontent
=337  \\$acomputer$2rdamedia
=338  \\$aonline resource$2rdacarrier
=362  1\$aPrint began with [Vol.] 1, no. 1 (July 1974).
=362  0\$a-vol. 47, no. 4 (2021).
=550  \\$aPublished on behalf of the Legal and Constitutional Affairs Division of the Commonwealth Secretariat, then the Rule of Law Division of the Commonwealth Secretariat.
=500  \\$aDescription based on print version record; Vol. 32, no. 1 (Mar. 2006) also consulted at journal information screen on publisher's web site (viewed 1 Dec. 2006).
=588  \\$aFinal issue consulted (Taylor & Francis Online, viewed August 17, 2022).
=540  \\$aCurrent copyright fee: GBP40.25$c0$5Uk
=650  \0$aLaw$zCommonwealth countries$vPeriodicals.
=710  2\$aCommonwealth Secretariat.$bLegal and Constitutional Affairs Division.
=710  2\$aCommonwealth Secretariat.$bRule of Law Division,$eissuing body.
=776  08$iAlso issued in print as:$tCommonwealth law bulletin$x0305-0718
=856  40$uhttp://www.tandfonline.com/toc/rclb20/current
=859  \\$aELD$bejournal
=852  41$aBritish Library$bHMNTS$jELD Digital store$3Volume 42:Issue 1(2016)-Volume 47:Issue 4(2021)***Previous issues available in print copy
=852  41$aBritish Library$bDSC$j3340.880000$3Volume 32:Issue 1(2006)-Volume 37:Issue 4(2011)***See ESTAR for full holdings.
=945  \\$aCommonwealth law bulletin
=959  \\$fHeld but not currently received
=985  \\$aCONFERENCE ANALYTIC RECORDS EXIST
=985  \\$aISSN responsibility transferred from ISSN UK Centre to U.S. ISSN Center Taylor & Francis, Multinational Publisher List, Summer 2016
=CAT  \\$a11313$b40$c20060224$lBLL01$h1332
=CAT  \\$aIPL-CLA$c20151231$lBLL01$h1923
=CAT  \\$a8478$b40$c20160111$lBLL01$h1112
=CAT  \\$a8478$b40$c20160205$lBLL01$h1058
=CAT  \\$a5997$b40$c20160224$lBLL01$h0801
=CAT  \\$aWR16_048$c20160322$lBLL01$h1614
=CAT  \\$aBATCH-UPD$b00$c20160527$lBLL01$h1819
=CAT  \\$aW1607-0553$c20160818$lBLL01$h0910
=CAT  \\$aW1607-0553$c20160818$lBLL01$h0915
=CAT  \\$aBATCH-UPD$b00$c20161122$lBLL01$h1513
=CAT  \\$aIPL-CLA$c20161230$lBLL01$h2153
=CAT  \\$aBATCH-UPD$b00$c20171121$lBLL01$h1647
=CAT  \\$aW1711-1005$c20171206$lBLL01$h1819
=CAT  \\$aIPL-CLA$c20171231$lBLL01$h1652
=CAT  \\$a8871$b40$c20181109$lBLL01$h1235
=CAT  \\$aBATCH-UPD$b40$c20181217$lBLL01$h1638
=CAT  \\$aIPL-CLA$c20181231$lBLL01$h1544
=CAT  \\$aBATCH-UPD$b00$c20191122$lBLL01$h1900
=CAT  \\$aIPL-CLA$c20191231$lBLL01$h1938
=CAT  \\$aBATCH-UPD$b00$c20201118$lBLL01$h1334
=CAT  \\$aIPL-CLA$c20201231$lBLL01$h1529
=CAT  \\$a12654$b40$c20211028$lBLL01$h0751
=CAT  \\$aIPL-CLA$c20211231$lBLL01$h1543
=CAT  \\$aDEL-3PM$c20220105$lBLL01$h1525
=CAT  \\$a12654$b40$c20220713$lBLL01$h0812
=CAT  \\$a10973$b40$c20220817$lBLL01$h0947
=CAT  \\$aBATCH-FIX$c20230511$lBLL01$h1629
=CFI  0\$aCurrent copyright fee: GBP40.25$c0$e13-jul-2022$fGBP40.25$g0$hC$5Uk
=CFI  2\$aPrevious copyright fee: GBP22.50$c0$e01-jan-2022$fGBP22.50$g0$hA$5Uk
=EST  \\$a1
=FIN  \\$aY$d20061201
=LET  \0$aCommonwealth law bulletin (Electronic)
=MNI  \\$a0305-0718
=TCO  \\$aCLA$bCLA$c008
=TOC  \\$aETOC
=ACF  \\$aPrevious copyright fee: GBP35.00$c2\0$e01-jan-2021$fGBP35.00$g0$hP$5Uk
=ACF  \\$aPrevious copyright fee: GBP17.00$c2\0$e01-jan-2010$fGBP17.00$g0$hP$5Uk
=ACF  \\$aPrevious copyright fee: GBP16.00$c2\0$e01-jan-2009$fGBP16.00$g0$hP$5Uk
=ACF  \\$aPrevious copyright fee: GBP15.00$c2\0$e01-apr-2008$fGBP15.00$g0$hP$5Uk
=ACF  \\$aPrevious Copyright Fee: GBP16.00$c2\0$e01-jan-2007$fGBP16.00$g0$hP$5Uk
=ACF  \\$aPrevious Copyright Fee: GBP13.00$c2\0$e01-dec-2006$fGBP13.00$g0$hP$5Uk
=ACF  \\$aPrevious copyright fee: GBP21.00$c2\0$e01-jan-2011$fGBP21.00$g0$hP$5Uk
=ACF  \\$aPrevious copyright fee: GBP23.00$c2\0$e01-jan-2012$fGBP23.00$g0$hP$5Uk
=ACF  \\$aPrevious copyright fee: GBP23.50$c2\0$e01-jan-2013$fGBP23.50$g0$hP$5Uk
=ACF  \\$aPrevious copyright fee: GBP24.00$c2\0$e01-jan-2014$fGBP24.00$g0$hP$5Uk
=ACF  \\$aPrevious copyright fee: GBP25.00$c2\0$e01-jan-2015$fGBP25.00$g0$hP$5Uk
=ACF  \\$aPrevious copyright fee: GBP26.00$c2\0$e01-jan-2016$fGBP26.00$g0$hP$5Uk
=ACF  \\$aPrevious copyright fee: GBP28.00$c2\0$e01-jan-2017$fGBP28.00$g0$hP$5Uk
=ACF  \\$aPrevious copyright fee: GBP30.00$c2\0$e01-jan-2018$fGBP30.00$g0$hP$5Uk
=ACF  \\$aPrevious copyright fee: GBP32.00$c2\0$e01-jan-2019$fGBP32.00$g0$hP$5Uk
=ACF  \\$aPrevious copyright fee: GBP34.00$c2\0$e01-jan-2020$fGBP34.00$g0$hP$5Uk
=LAS  \\$aBATCH-FIX$b00$c20230511$lBLL01$h1629

