=LDR  05171cas a2201117 i 4500
=001  013465165
=003  Uk
=005  20221231144736.0
=006  m\\\\\o\\d\\\\\\\\
=007  cr\unu||||||||
=008  060509c19819999enkqr\p\o\\\\\0\\\a0eng\\
=FMT  \\$a  SE
=015  \\$aGBB349092$2bnb
=022  0\$a1748-121X$l0261-3875$y0261-3875$202
=037  3\$aISSN_02613875_30$bPortico$nCambridge University Press
=037  \\$aISSN_02613875$bPortico$nWiley
=040  \\$aUk$beng$cUk$dUk$erda
=042  \\$aukblsr$aissnuk
=082  04$a340.05$223
=130  0\$aLegal studies (London, England : 1981)
=210  0\$aLeg. stud.$b(Online)
=222  \0$aLegal studies$b(Online)
=245  10$aLegal studies :$bthe journal of the Society of Public Teachers of Law.
=246  30$aJournal of the Society of Public Teachers of Law
=246  13$aJournal of the Society of Legal Scholars,$f2002-
=264  \1$a[London] :$bButterworths,$c[1981]-
=264  21$aOxford :$bBlackwell Publishing
=264  21$aOxford, UK :$bJohn Wiley & Sons Ltd
=264  31$32018-$a[Cambridge] :$bCambridge University Press
=310  \\$aQuarterly,$b1998-
=321  \\$aThree no. a year,$b1981-1997
=336  \\$atext$2rdacontent
=337  \\$acomputer$2rdamedia
=338  \\$aonline resource$2rdacarrier
=362  1\$aPrint began vol. 1, no. 1 (1981).
=550  \\$aJournal of: Society of Public Teachers of Law, 1981-2001; Society of Legal Scholars, 2002-.
=580  \\$aOriginal print version of this title was preceded by an earlier title: Journal of the Society of Public Teachers of Law.
=588  \\$aDescription based on print record.
=588  \\$aLatest issue consulted: volume 38. no. 1 (March 2018) (Cambridge Core, viewed April 25, 2018).
=540  \\$aBritish Library not licensed to copy$c0$5Uk
=650  \0$aLaw$zGreat Britain$vPeriodicals.
=650  \0$aLaw$vPeriodicals.
=710  2\$aSociety of Legal Scholars,$eissuing body.
=710  2\$aSociety of Public Teachers of Law (London, England),$eissuing body.
=776  08$iAlso issued in print as:$tLegal studies (London, England : 1981)$x0261-3875
=859  \\$aELD$bejournal
=856  40$uhttp://onlinelibrary.wiley.com/journal/10.1111/(ISSN)1748-121X
=852  41$aBritish Library$bHMNTS$jELD Digital store$3Volume 33:Number 1(2013:Mar.)-***Previous issues available in print copy
=852  \\$aBritish Library$bDSC$j5181.413000$3Volume 26:Issue 1(2006)-Volume 37:Issue 4(2017)***See ESTAR for full holdings.
=945  \\$aLegal studies- Society of Public Teachers of Law
=959  \\$fHeld but not currently received
=985  \\$aISSN responsibility transferred to U.S. ISSN Center from ISSN UK Centre, Wiley, Multinational Publisher List, Summer 2017.
=985  \\$aISSN responsibility transferred back to UK (21/05/18)
=CAT  \\$a7174$b40$c20060509$lBLL01$h1728
=CAT  \\$aBATCH-UPD$b00$c20160531$lBLL01$h1950
=CAT  \\$aW1703-0316$c20170306$lBLL01$h1825
=CAT  \\$aW1703-0316$c20170307$lBLL01$h1648
=CAT  \\$aIPL-CLA$c20170307$lBLL01$h1824
=CAT  \\$aISSN$b40$c20170314$lBLL01$h1720
=CAT  \\$a11205$b40$c20170801$lBLL01$h1432
=CAT  \\$a11205$b40$c20170801$lBLL01$h1433
=CAT  \\$a8311$b40$c20171116$lBLL01$h1335
=CAT  \\$aW1711-1005$c20171206$lBLL01$h1819
=CAT  \\$a5552$b40$c20180118$lBLL01$h0850
=CAT  \\$a10983$b40$c20180212$lBLL01$h1118
=CAT  \\$a10806$b40$c20180425$lBLL01$h1619
=CAT  \\$a8055$b40$c20180515$lBLL01$h1250
=CAT  \\$a10806$b40$c20180516$lBLL01$h1109
=CAT  \\$a10806$b40$c20180521$lBLL01$h0843
=CAT  \\$aW1902-1304$c20190314$lBLL01$h1239
=CAT  \\$aBATCH-UPD$b00$c20190314$lBLL01$h1618
=CAT  \\$aIPL-CLA$c20190331$lBLL01$h1726
=CAT  \\$aDEL-3PM$c20190409$lBLL01$h0905
=CAT  \\$aBATCH-CLA$b00$c20190621$lBLL01$h1540
=CAT  \\$aIPL-CLA$c20190630$lBLL01$h1536
=CAT  \\$aBATCH-CLA$b00$c20210328$lBLL01$h1318
=CAT  \\$aIPL-CLA$c20210331$lBLL01$h1700
=CAT  \\$aBATCH-CLA$b00$c20221206$lBLL01$h1730
=CAT  \\$aIPL-CLA$c20221231$lBLL01$h1447
=CFI  0\$aBritish Library not licensed to copy$c0$e01-jan-2023$hC$iCFP Excluded$5Uk
=CFI  2\$aPrevious Copyright Fee: GBP22.50$c0$e01-apr-2021$fGBP22.50$g0$hC$5Uk
=EST  \\$a1
=FIN  \\$aY$d20130520
=LET  \0$aLegal studies (Electronic)
=MNI  \\$a0261-3875
=TCO  \\$aCLA$bCLA$c008
=TOC  \\$aETOC
=ACF  \\$aPrevious Copyright Fee: GBP16.00$c10\0$e09-may-2006$fGBP16.00$g0$hP$5Uk
=ACF  \\$aPrevious copyright fee: GBP17.00$c10\0$e01-jan-2009$fGBP17.00$g0$hP$5Uk
=ACF  \\$aPrevious copyright fee: GBP22.00$c10\0$e01-jan-2011$fGBP22.00$g0$hP$5Uk
=ACF  \\$aPrevious copyright fee: GBP24.00$c35\0$e07-mar-2017$fGBP24.00$g0$hP$5Uk
=ACF  \\$aPrevious copyright fee: GBP24.00$c10\0$e01-mar-2015$fGBP24.00$g0$hP$5Uk
=ACF  \\$aPrevious copyright fee: GBP25.00$c43\0$e18-jan-2018$fGBP25.00$g0$hP$5Uk
=ACF  \\$aPrevious Copyright Fee: GBP17.50$c0$e01-apr-2019$fGBP17.50$g0$hA$5Uk
=ACF  \\$aPrevious Copyright Fee: GBP10.00$c0$e01-jul-2019$fGBP10.00$g0$hC$5Uk
=LAS  \\$aIPL-CLA$b00$c20221231$lBLL01$h1447

