=LDR  04953cas a2201129 a 4500
=001  013488041
=003  Uk
=005  20230511162914.0
=006  m\\\\\\\\d\\\\\\\\
=007  cr\unu||||||||
=008  050720c20039999nz\tr\pso\\\\\0\\\a0eng\\
=FMT  \\$a  SE
=010  \\$a2005214016$z2005214011
=015  \\$aGBB348922$2bnb
=022  \\$a1556-9195$l1476-9263$y1476-9263$21
=035  \\$a(OCoLC)61111916$z(OCoLC)67618066
=037  \\$aISSN_14769263$bPortico$nWiley
=040  \\$aNSD$cNSD$dNSD$dOCLCS$dMUQ$dOCLCQ$dNSD$dUQ1$dOCLCQ$dW2U$dVRC$dUk
=042  \\$aukblsr
=082  04$a616.8914$223
=130  0\$aPsychotherapy and politics international (Online)
=210  0\$aPsychother. politics int.$b(Online)
=222  \0$aPsychotherapy and politics international$b(Online)
=245  10$aPsychotherapy and politics international$h[electronic resource].
=260  \\$aChichester. W. Sussex, UK :$bJohn Wiley & Sons
=264  31$32022-$a[Auckland] :$b[Tuwhera]
=310  \\$aThree issues yearly
=336  \\$atext$2rdacontent
=337  \\$acomputer$2rdamedia
=338  \\$aonline resource$2rdacarrier
=362  1\$aPrint began with v. 1, no. 1 (2003).
=530  \\$aAlso issued in print.
=540  \\$aCurrent Copyright Fee: GBP32.00$c0$5Uk
=588  \\$aLatest issue consulted: volume 20, number 3 (2022) (ojs.aut.ac.nz, viewed October 13, 2022).
=650  \0$aPsychoanalysis$vPeriodicals.
=650  \0$aPsychotherapy$vPeriodicals.
=650  \0$aPolitics$vPeriodicals.
=650  \6$aPsychothérapie$vPériodiques.
=650  \6$aPsychanalyse$vPériodiques.
=650  \6$aPolitique$vPériodiques.
=650  \7$aPolitique$2rasuqam
=650  \7$aPsychanalyse$2rasuqam
=650  \7$aPsychothérapie$2rasuqam
=776  1\$tPsychotherapy and politics international$x1476-9263
=859  \\$aELD$bejournal
=856  40$uhttp://onlinelibrary.wiley.com/journal/10.1002/(ISSN)1556-9195/
=856  40$uhttp://www3.interscience.wiley.com/cgi-bin/issn?DESCRIPTOR=PRINTISSN&VALUE=1476-9263
=856  40$uhttps://ojs.aut.ac.nz/psychotherapy-politics-international/
=852  41$aBritish Library$bHMNTS$jELD Digital store$3Volume 11:Number 1(2013)-Volume 19:Number 3(2021)***Previous issues available in print copy
=852  \\$aBritish Library$bDSC$j6946.558800$3Volume 1:Issue 1(2003)-Volume 9:Issue 3(2011)***See ESTAR for full holdings.
=945  \\$aPsychotherapy and politics international
=959  \\$fHeld but not currently received
=CAT  \\$a7174$b40$c20060608$lBLL01$h1522
=CAT  \\$aBATCH-CLA$c20140225$lBLL01$h2327
=CAT  \\$aBLDSS-3PM$b00$c20141214$lBLL01$h1523
=CAT  \\$aBATCH-UPD$b00$c20150215$lBLL01$h1657
=CAT  \\$aIPL-CLA$c20150228$lBLL01$h2050
=CAT  \\$aBATCH-UPD$b00$c20160627$lBLL01$h0009
=CAT  \\$aW1711-1005$c20171206$lBLL01$h1819
=CAT  \\$aBATCH-UPD$b00$c20180219$lBLL01$h1749
=CAT  \\$aBATCH-UPD$b00$c20181121$lBLL01$h1622
=CAT  \\$aIPL-CLA$c20181231$lBLL01$h1544
=CAT  \\$aR1911-0245$c20191127$lBLL01$h0823
=CAT  \\$aR1911-0245$c20191127$lBLL01$h1045
=CAT  \\$aIPL-CLA$c20191231$lBLL01$h1940
=CAT  \\$a5410$b40$c20200726$lBLL01$h2035
=CAT  \\$a12654$b40$c20211026$lBLL01$h0904
=CAT  \\$a12654$b40$c20211026$lBLL01$h0905
=CAT  \\$aIPL-CLA$c20211231$lBLL01$h1543
=CAT  \\$a12654$b40$c20220105$lBLL01$h1012
=CAT  \\$aDEL-3PM$c20220105$lBLL01$h1525
=CAT  \\$aBATCH-CLA$b00$c20220329$lBLL01$h1633
=CAT  \\$aIPL-CLA$c20220331$lBLL01$h1952
=CAT  \\$a8124$b40$c20221013$lBLL01$h0854
=CAT  \\$aBATCH-CLA$b00$c20221206$lBLL01$h1710
=CAT  \\$aIPL-CLA$c20221231$lBLL01$h1447
=CAT  \\$a10969$b40$c20230310$lBLL01$h1459
=CAT  \\$a8055$b40$c20230314$lBLL01$h1217
=CAT  \\$aBATCH-FIX$c20230511$lBLL01$h1629
=CFI  0\$aCurrent Copyright Fee: GBP32.00$c0$e14-mar-2023$fGBP32.00$g0$hC$5Uk
=CFI  2\$aBritish Library not licensed to copy$c0$e01-jan-2023$hC$iCFP Excluded$5Uk
=EST  \\$a1
=FIN  \\$aY$d20121016
=LKR  \\$aPAR$b009920476$lBLL01$r776$mPsychotherapy and politics international (Online)$nPsychotherapy and politics international (Print)
=MNI  \\$a1476-9263
=SID  \\$aZ39$bOCLC
=TCO  \\$aCLA$bCLA$c008
=TOC  \\$aETOC
=UNO  \\$aY
=ACF  \\$aPrevious Copyright Fee: GBP32.00$c0$e01-apr-2022$fGBP32.00$g0$hC$5Uk
=ACF  \\$aPrevious Copyright Fee: GBP17.00$c35\0$e08-jun-2006$fGBP17.00$g0$hC$5Uk
=ACF  \\$aPrevious copyright fee: GBP22.00$c35\0$e01-jan-2011$fGBP22.00$g0$hP$5Uk
=ACF  \\$aPrevious copyright fee: GBP24.00$c35\0$e01-mar-2015$fGBP24.00$g0$hP$5Uk
=ACF  \\$aPrevious copyright fee: GBP28.00$c35\0$e01-jan-2019$fGBP28.00$g0$hP$5Uk
=ACF  \\$aPrevious Copyright Fee: GBP32.00$c35\0$e01-jan-2020$fGBP32.00$g0$hP$5Uk
=ACF  \\$aPrevious Copyright Fee: GBP22.50$c0$e01-jan-2022$fGBP22.50$g0$hA$5Uk
=LAS  \\$aBATCH-FIX$b00$c20230511$lBLL01$h1629

