=LDR  03816cas a2200937 i 4500
=001  018607033
=003  Uk
=005  20221231145436.0
=006  m\\\\\o\\d\\\\\\\\
=007  cr\|||||||||||
=008  170712d20182021njubr\poo\\\\\0\\\a0eng\\
=FMT  \\$a  SE
=010  \\$a  2017200556
=022  \\$a2573-802X
=035  \\$a(OCoLC)993583689
=037  \\$aISSN_2573802X$bPortico$nWiley
=040  \\$aDLC$beng$cDLC$dOCLCQ$dDLC$dVT2$dTXA$dOCLCF$dUk$erda
=042  \\$aukblsr
=050  10$aISSN RECORD
=082  04$a610.28$223
=210  0\$aMed. devices sens.
=222  \0$aMedical devices & sensors
=245  00$aMedical devices & sensors.
=246  1\$aMedical devices and sensors
=264  \1$aHoboken, NJ :$bWiley Periodicals, Inc.,$c[2018]-2021.
=264  \4$c©2018-
=310  \\$aSix issues per year
=336  \\$atext$2rdacontent
=337  \\$acomputer$2rdamedia
=338  \\$aonline resource$2rdacarrier
=362  1\$aBegan with: Volume 1, Issue 1 (February 2018); ceased with volume 4, issue 1 (February 2021).
=515  \\$aArticles published as they become available and compiled into bimonthly issues.
=588  \\$aDescription based on: Volume 1, Issue 1 (February 2018; title from PDF cover (onlinelibrary.wiley.com website, viewed June 15, 2018)).
=588  \\$aLatest issue consulted: volume 4,issue1 (February 2021), viewed September 23, 2021.
=540  \\$aCurrent Copyright Fee: GBP25.00$c0$5Uk
=650  \0$aMedical instruments and apparatus$vPeriodicals.
=650  \0$aBiomedical engineering$vPeriodicals.
=655  \0$aElectronic journals.
=655  \7$aPeriodicals.$2fast$0(OCoLC)fst01411641
=700  1\$aNarayan, Roger,$eeditor.
=710  2\$aJohn Wiley & Sons,$epublisher.
=859  \\$aELD$bejournal
=856  40$uhttps://onlinelibrary.wiley.com/journal/2573802x
=852  \\$aBritish Library$bDSC$j5527.055436$3Volume 1:Issue 1(2018)-Volume 4:Issue 1(2021)
=852  41$aBritish Library$bHMNTS$jELD Digital store$3Volume 1:Issue 1(2018)-Volume 4:Issue 1(2021)
=945  \\$aMedical devices and sensors
=959  \\$fHeld but not currently received
=CAT  \\$a11450$b40$c20171113$lBLL01$h1209
=CAT  \\$aW1711-1005$c20171206$lBLL01$h1830
=CAT  \\$a10983$b40$c20180219$lBLL01$h1325
=CAT  \\$a8055$b40$c20180716$lBLL01$h1229
=CAT  \\$a8055$b40$c20180829$lBLL01$h1332
=CAT  \\$aBATCH-UPD$b40$c20180904$lBLL01$h2314
=CAT  \\$aBLDSS-3PM$b00$c20180910$lBLL01$h1055
=CAT  \\$aBATCH-UPD$b00$c20180910$lBLL01$h1056
=CAT  \\$a10806$b40$c20181004$lBLL01$h1400
=CAT  \\$a10806$b40$c20181004$lBLL01$h1401
=CAT  \\$aBATCH-UPD$b40$c20181121$lBLL01$h1627
=CAT  \\$aIPL-CLA$c20181231$lBLL01$h1556
=CAT  \\$aR1911-0245$c20191127$lBLL01$h0823
=CAT  \\$aR1911-0245$c20191127$lBLL01$h1045
=CAT  \\$aIPL-CLA$c20191231$lBLL01$h2044
=CAT  \\$a8055$b40$c20210915$lBLL01$h1354
=CAT  \\$a8483$b40$c20210923$lBLL01$h1442
=CAT  \\$a12654$b40$c20211026$lBLL01$h0813
=CAT  \\$aIPL-CLA$c20211231$lBLL01$h1547
=CAT  \\$aDEL-3PM$c20220105$lBLL01$h1525
=CAT  \\$aBATCH-CLA$b00$c20221221$lBLL01$h1935
=CAT  \\$aIPL-CLA$c20221231$lBLL01$h1454
=CFI  0\$aCurrent Copyright Fee: GBP25.00$c0$e01-jan-2023$fGBP25.00$g0$hA$5Uk
=CFI  2\$aPrevious Copyright Fee: GBP22.50$c0$e01-jan-2022$fGBP22.50$g0$hA$5Uk
=EST  \\$a1
=FIN  \\$aY$d20181004
=MNI  \\$a2573-802X
=SID  \\$aZ39$bOCLC
=TOC  \\$aETOC
=UNO  \\$aY
=ACF  \\$aPrevious copyright fee: GBP24.00$c35\0$e16-jul-2018$fGBP24.00$g0$hP$5Uk
=ACF  \\$aPrevious copyright fee: GBP28.00$c35\0$e01-jan-2019$fGBP28.00$g0$hP$5Uk
=ACF  \\$aPrevious Copyright Fee: GBP32.00$c35\0$e01-jan-2020$fGBP32.00$g0$hP$5Uk
=LAS  \\$aIPL-CLA$b00$c20221231$lBLL01$h1454

