=LDR  04434cas a2201093 a 4500
=001  017665066
=003  Uk
=005  20230116095726.0
=006  m\\\\\o\\d\\\\\\\\
=007  cr\|||||||||||
=008  040128c19929999enkbr\pso\lw\\0\\\a0eng\c
=FMT  \\$a  SE
=010  \\$a  2005214706
=015  \\$aGBB619777$2bnb
=016  7\$a2094008-7$2DE-600
=022  \\$a1558-0903
=032  \\$a003055$bUSPS
=035  \\$a(OCoLC)54102268
=037  \\$aISSN_10610014_21$bPortico$nTaylor & Francis
=040  \\$aTxEU$beng$cTxEU$dOCoLC$dNSDP$dOCoLC$dOrCS$dCaQMM$dHEBIS$dOCoLC$dUk
=041  1\$aeng$hrus
=042  \\$aukblsr
=043  \\$ae-ur---
=050  14$aK23$b.O9
=082  04$a347.4705$223
=130  0\$aStatutes & decisions (Online)
=222  \0$aStatutes & decisions$b(Online)
=245  10$aStatutes & decisions$h[electronic resource] :$bthe laws of the USSR and its successor states.
=246  13$aStatutes and decisions
=260  \\$aArmonk, N.Y. :$bM.E. Sharpe,$cc1991-
=264  31$a[Abingdon] :$bRoutledge, Taylor & Francis Group
=310  \\$aBimonthly,$b<Nov./Dec. 2004->
=321  \\$aQuarterly
=336  \\$atext$2rdacontent
=337  \\$acomputer$2rdamedia
=338  \\$aonline resource$2rdacarrier
=362  0\$aVol. 28, no. 2 (winter 1991-92)-
=500  \\$a"A journal of translations."
=500  \\$aTitle from title screen.
=530  \\$aAlso issued in print.
=538  \\$aMode of access: World Wide Web.
=588  \\$aLatest issue consulted: volume 49, issue 4/6 (2015) (Taylor & Francis Online, viewed February 8, 2016).
=540  \\$aCurrent copyright fee: GBP25.00$c0$5Uk
=650  \0$aLaw$zFormer Soviet republics$vPeriodicals.
=650  \0$aLaw$zSoviet Union$vPeriodicals.
=776  1\$tStatutes & decisions$x1061-0014
=780  00$tSoviet statutes & decisions
=859  \\$aELD$bejournal
=856  4\$uhttp://firstsearch.oclc.org/journal=1061-0014;screen=info;ECOIP
=856  42$uhttp://www.mesharpe.com/mall/results1.asp?ACR=RSD
=856  40$uhttp://www.tandfonline.com/toc/mrsd20/current
=852  41$aBritish Library$bHMNTS$jELD Digital store$3Volume 50:Issue 1(2016)-Volume 54:Issue 5/6(2020)
=852  41$aBritish Library$bDSC$j8458.560100
=945  \\$aStatutes & decisions
=CAT  \\$a10902$b40$c20151215$lBLL01$h1210
=CAT  \\$a10902$b40$c20151215$lBLL01$h1211
=CAT  \\$a10902$b40$c20151215$lBLL01$h1312
=CAT  \\$a5552$b40$c20160118$lBLL01$h1050
=CAT  \\$a14448$b40$c20160130$lBLL01$h1005
=CAT  \\$aBLDSS-3PM$b00$c20160201$lBLL01$h1812
=CAT  \\$a11316$b40$c20160208$lBLL01$h1202
=CAT  \\$a11316$b40$c20160208$lBLL01$h1331
=CAT  \\$a11316$b40$c20160208$lBLL01$h1333
=CAT  \\$aBATCH-UPD$b40$c20160522$lBLL01$h2355
=CAT  \\$aBATCH-UPD$b40$c20161122$lBLL01$h1515
=CAT  \\$aIPL-CLA$c20161231$lBLL01$h0024
=CAT  \\$aBATCH-UPD$b00$c20171121$lBLL01$h1651
=CAT  \\$aW1711-1005$c20171206$lBLL01$h1829
=CAT  \\$aIPL-CLA$c20171231$lBLL01$h1831
=CAT  \\$aBATCH-UPD$b00$c20181217$lBLL01$h1641
=CAT  \\$aIPL-CLA$c20181231$lBLL01$h1555
=CAT  \\$aBATCH-UPD$b00$c20191122$lBLL01$h1903
=CAT  \\$aIPL-CLA$c20191231$lBLL01$h2042
=CAT  \\$aBATCH-UPD$b00$c20201118$lBLL01$h1337
=CAT  \\$aIPL-CLA$c20201231$lBLL01$h1533
=CAT  \\$aBATCH-UPD$b00$c20221121$lBLL01$h1350
=CAT  \\$a8055$b40$c20221222$lBLL01$h1551
=CAT  \\$aIPL-CLA$c20221231$lBLL01$h1453
=CAT  \\$aDEL-3PM$c20230116$lBLL01$h0957
=CFI  0\$aCurrent copyright fee: GBP25.00$c0$e01-jan-2023$fGBP25.00$g0$hA$5Uk
=CFI  2\$aPrevious copyright fee: GBP35.00$c2\0$e01-jan-2021$fGBP35.00$g0$hP$5Uk
=EST  \\$a1
=FIN  \\$aY$d20160208
=MNI  \\$a1061-0014
=SRC  \\$aBLL02
=TOC  \\$aETOC
=ACF  \\$aPrevious copyright fee: GBP26.00$c2\0$e01-jan-2016$fGBP26.00$g0$hP$5Uk
=ACF  \\$aPrevious copyright fee: GBP25.00$c2\0$e01-jan-2015$fGBP25.00$g0$hP$5Uk
=ACF  \\$aPrevious copyright fee: GBP26.00$c2\0$e18-jan-2016$fGBP26.00$g0$hP$5Uk
=ACF  \\$aPrevious copyright fee: GBP28.00$c2\0$e01-jan-2017$fGBP28.00$g0$hP$5Uk
=ACF  \\$aPrevious copyright fee: GBP30.00$c2\0$e01-jan-2018$fGBP30.00$g0$hP$5Uk
=ACF  \\$aPrevious copyright fee: GBP32.00$c2\0$e01-jan-2019$fGBP32.00$g0$hP$5Uk
=ACF  \\$aPrevious copyright fee: GBP34.00$c2\0$e01-jan-2020$fGBP34.00$g0$hP$5Uk
=LAS  \\$aDEL-3PM$b00$c20230116$lBLL01$h0957

