=LDR  04382cas a2201021 i 4500
=001  016623112
=003  Uk
=005  20221231145227.0
=006  m\\\\\\\\d\\\\\\\\
=007  cr\|||||||||||
=008  140205c20139999cc\qr\p\o\\\\\0\\\a0eng\\
=FMT  \\$a  SE
=022  \\$a2095-4697
=037  \\$a???$bSpringer
=040  \\$aUk$beng$cUk$erda
=042  \\$aukblsr
=082  04$a570.285$223
=222  \0$aQuantitative biology$b(Online)
=245  00$aQuantitative biology.
=246  17$aQB
=264  \1$a[Beijing] :$bHigher Education Press and Springer-Verlag,$c2013-
=264  31$32021-$aBeijing :$bHigher Education Press
=300  \\$billustrations (colour)
=310  \\$aQuarterly
=336  \\$atext$2rdacontent
=337  \\$acomputer$2rdamedia
=338  \\$aonline resource$2rdacarrier
=362  0\$aVolume 1, issue 1 (March 2013)-
=500  \\$aTitle from PDF article (SpringerLink, viewed May 19, 2014).
=588  \\$aLatest issue consulted: volume 9, issue 2 (June 2021) (viewed October 7, 2021).
=540  \\$aCurrent Copyright Fee: GBP25.00$c0$5Uk
=650  \0$aBioinformatics$vPeriodicals.
=650  \0$aBiology$xMathematical models$vPeriodicals.
=650  \0$aComputational biology$vPeriodicals.
=650  \0$aSystems biology$vPeriodicals.
=776  08$iAlso issued in print as:$tQuantitative biology$x2095-4689
=859  \\$aELD$bejournal
=856  40$uhttps://journal.hep.com.cn/qb/EN/2095-4689/home.shtml
=856  40$uhttp://link.springer.com/journal/40484
=852  41$aBritish Library$bDSC$j7168.332600$3Volume 1:Issue 1(2013)-Volume 6:Issue 1(2018)***See ESTAR for full holdings.
=852  41$aBritish Library$bHMNTS$jELD Digital store$3Volume 5:Issue 4(2017)
=945  \\$aQuantitative biology.
=959  \\$fHeld but not currently received
=CAT  \\$a12654$b40$c20140205$lBLL01$h1233
=CAT  \\$aBATCH-UPD$b00$c20150520$lBLL01$h1744
=CAT  \\$aIPL-CLA$c20150630$lBLL01$h1722
=CAT  \\$aBATCH-UPD$b00$c20150820$lBLL01$h1832
=CAT  \\$aIPL-CLA$c20150930$lBLL01$h1851
=CAT  \\$aBATCH-UPD$b00$c20160217$lBLL01$h1721
=CAT  \\$aIPL-CLA$c20160331$lBLL01$h1814
=CAT  \\$aBATCH-UPD$b00$c20160524$lBLL01$h2215
=CAT  \\$aBATCH-UPD$b00$c20160525$lBLL01$h0057
=CAT  \\$aBATCH-UPD$b00$c20160824$lBLL01$h1750
=CAT  \\$aIPL-CLA$c20160930$lBLL01$h1640
=CAT  \\$aBATCH-UPD$b00$c20170216$lBLL01$h1837
=CAT  \\$aIPL-CLA$c20170331$lBLL01$h1919
=CAT  \\$aBATCH-UPD$b00$c20170904$lBLL01$h1845
=CAT  \\$aIPL-CLA$c20170929$lBLL01$h1804
=CAT  \\$aBATCH-UPD$b00$c20180223$lBLL01$h1706
=CAT  \\$aIPL-CLA$c20180331$lBLL01$h1708
=CAT  \\$aW1805-0478$c20180520$lBLL01$h0949
=CAT  \\$aBATCH-UPD$b00$c20180524$lBLL01$h1709
=CAT  \\$aIPL-CLA$c20180630$lBLL01$h1939
=CAT  \\$a15190$b40$c20210331$lBLL01$h1606
=CAT  \\$a12654$b40$c20210625$lBLL01$h0914
=CAT  \\$aDEL-3PM$c20210628$lBLL01$h1412
=CAT  \\$a10806$b40$c20211007$lBLL01$h1039
=CAT  \\$aBATCH-CLA$b00$c20221221$lBLL01$h1928
=CAT  \\$aIPL-CLA$c20221231$lBLL01$h1452
=CFI  0\$aCurrent Copyright Fee: GBP25.00$c0$e01-jan-2023$fGBP25.00$g0$hA$5Uk
=CFI  2\$aPrevious copyright fee: GBP22.50$c0$e25-jun-2021$fGBP22.50$g0$hA$5Uk
=EST  \\$a1
=FIN  \\$aY$d20140519
=MNI  \\$a2095-4689
=TOC  \\$aETOC
=UNO  \\$aY
=ACF  \\$aPrevious copyright fee: GBP24.97$c22\1$e05-feb-2014$fGBP24.97$g0$hP$5Uk
=ACF  \\$aPrevious copyright fee: GBP24.21$c22\1$e01-jul-2014$fGBP24.21$g0$hP$5Uk
=ACF  \\$aPrevious copyright fee: GBP25.77$c22\1$e01-apr-2015$fGBP25.77$g0$hP$5Uk
=ACF  \\$aPrevious copyright fee: GBP26.63$c22\1$e01-jul-2015$fGBP26.63$g0$hP$5Uk
=ACF  \\$aPrevious copyright fee: GBP25.77$c22\1$e01-oct-2015$fGBP25.77$g0$hP$5Uk
=ACF  \\$aPrevious copyright fee: GBP27.55$c22\1$e01-apr-2016$fGBP27.55$g0$hP$5Uk
=ACF  \\$aPrevious copyright fee: GBP29.59$c22\1$e01-oct-2016$fGBP29.59$g0$hP$5Uk
=ACF  \\$aPrevious copyright fee: GBP31.96$c22\1$e01-apr-2017$fGBP31.96$g0$hP$5Uk
=ACF  \\$aPrevious copyright fee: GBP30.73$c22\1$e01-oct-2017$fGBP30.73$g0$hP$5Uk
=ACF  \\$aPrevious copyright fee: GBP34.00$c22\1$e01-jul-2018$fGBP34.00$g0$hP$5Uk
=ACF  \\$aPrevious copyright fee: GBP28.54$c22\1$e01-apr-2018$fGBP28.54$g0$hP$5Uk
=LAS  \\$aIPL-CLA$b00$c20221231$lBLL01$h1452

