=LDR  04664cas a2201009 i 4500
=001  016637165
=003  Uk
=005  20230116095724.0
=006  m\\\\\\\\d\\\\\\\\
=007  cr\|||||||||||
=008  140227c19809999enkbr\p\o\\\\\0\\\a0eng\\
=FMT  \\$a  SE
=022  \\$a2169-0103
=037  \\$aISSN_02522667_21$bPortico$nTaylor & Francis
=040  \\$aUk$beng$cUk$erda
=042  \\$aukblsr
=082  04$a519.6$223
=210  0\$aJ. inf. optim. sci.
=222  \0$aJournal of information & optimization sciences$b(Online)
=245  00$aJournal of information & optimization sciences.
=246  30$aJournal of information and optimization sciences
=260  \\$aDelhi :$bAnalytic Publishing,$c1980-
=264  31$a[Abingdon] :$bTaylor and Francis, and co-published with TARU Publications
=310  \\$aBimonthly
=321  \\$aThree issues yearly
=336  \\$atext$2rdacontent
=337  \\$acomputer$2rdamedia
=338  \\$aonline resource$2rdacarrier
=362  1\$aPrint began with: Vol. 1, no. 1 (Jan. 1980).
=588  \\$aDescription based on print version record.
=588  \\$aLatest issue consulted: volume 34, issue 6 (2013) (Taylor & Francis Onlines, viewed March 10, 2014).
=540  \\$aCurrent copyright fee: GBP25.00$c0$5Uk
=650  \0$aElectronic data processing$vPeriodicals.
=650  \0$aInformation science$vPeriodicals.
=650  \0$aMathematical optimization$vPeriodicals.
=776  08$iAlso issued in print as:$tJournal of information & optimization sciences$x0252-2667
=856  40$uhttp://www.tandfonline.com/toc/tios20/current
=856  40$uhttp://www.tandfonline.com/action/journalInformation?show=aimsScope&journalCode=tios20
=859  \\$aELD$bejournal
=852  41$aBritish Library$bSTI$jELD Digital store$3Volume 37:Issue 1(2016)-Volume 43:Issue 8(2022)
=852  41$aBritish Library$bDSC$j5006.745000$3Volume 32:Issue 1(2011)-Volume 35:Issue 5/6(2014)***See ESTAR for full holdings.
=945  \\$aJournal of information and optimization sciences.
=959  \\$fHeld but not currently received
=CAT  \\$a12654$b40$c20140227$lBLL01$h1145
=CAT  \\$aCDS15-UPD$b40$c20141130$lBLL01$h1854
=CAT  \\$aIPL-CLA$c20141231$lBLL01$h1704
=CAT  \\$a5552$b40$c20150203$lBLL01$h1137
=CAT  \\$aBATCH-UPD$b40$c20151119$lBLL01$h1536
=CAT  \\$aIPL-CLA$c20151231$lBLL01$h1935
=CAT  \\$a6790$b40$c20160121$lBLL01$h0811
=CAT  \\$a5552$b40$c20160303$lBLL01$h0902
=CAT  \\$aIPL-CLA$c20160331$lBLL01$h1815
=CAT  \\$aBATCH-UPD$b00$c20160522$lBLL01$h2353
=CAT  \\$a8483$b40$c20160609$lBLL01$h1441
=CAT  \\$aBATCH-UPD$b40$c20161122$lBLL01$h1506
=CAT  \\$aIPL-CLA$c20161231$lBLL01$h0016
=CAT  \\$aBATCH-UPD$b00$c20171121$lBLL01$h1656
=CAT  \\$aW1711-1005$c20171206$lBLL01$h1827
=CAT  \\$aIPL-CLA$c20171231$lBLL01$h1823
=CAT  \\$aBATCH-UPD$b00$c20181217$lBLL01$h1645
=CAT  \\$aIPL-CLA$c20181231$lBLL01$h1553
=CAT  \\$aBATCH-UPD$b00$c20191122$lBLL01$h1907
=CAT  \\$aIPL-CLA$c20191231$lBLL01$h2037
=CAT  \\$aBATCH-UPD$b00$c20201118$lBLL01$h1342
=CAT  \\$aIPL-CLA$c20201231$lBLL01$h1533
=CAT  \\$aBATCH-UPD$b00$c20221121$lBLL01$h1341
=CAT  \\$a8055$b40$c20221222$lBLL01$h1201
=CAT  \\$aIPL-CLA$c20221231$lBLL01$h1452
=CAT  \\$aDEL-3PM$c20230116$lBLL01$h0957
=CFI  0\$aCurrent copyright fee: GBP25.00$c0$e01-jan-2023$fGBP25.00$g0$hA$5Uk
=CFI  2\$aPrevious copyright fee: GBP41.00$c2\0$e01-jan-2021$fGBP41.00$g0$hP$5Uk
=EST  \\$a1
=FIN  \\$aY$d20140310
=LET  \0$aJournal of information & optimization sciences (Electronic)
=LKR  \\$aPAR$b010490184$lBLL01$nJournal of information & optimization sciences (Print)$mJournal of information & optimization sciences (Online)$r776
=MNI  \\$a0252-2667
=TOC  \\$aETOC
=ACF  \\$aPrevious copyright fee: GBP25.00$c2\0$e01-jan-2015$fGBP25.00$g0$hP$5Uk
=ACF  \\$aPrevious copyright fee: GBP24.00$c2\0$e27-feb-2014$fGBP24.00$g0$hP$5Uk
=ACF  \\$aPrevious Copyright Fee: GBP30.00$c2\0$e03-feb-2015$fGBP30.00$g0$hP$5Uk
=ACF  \\$aPrevious copyright fee: GBP34.00$c2\0$e01-jan-2016$fGBP34.00$g0$hP$5Uk
=ACF  \\$aPrevious copyright fee: GBP31.00$c2\0$e01-apr-2016$fGBP31.00$g0$hP$5Uk
=ACF  \\$aPrevious copyright fee: GBP33.00$c2\0$e01-jan-2017$fGBP33.00$g0$hP$5Uk
=ACF  \\$aPrevious copyright fee: GBP35.00$c2\0$e01-jan-2018$fGBP35.00$g0$hP$5Uk
=ACF  \\$aPrevious copyright fee: GBP37.00$c2\0$e01-jan-2019$fGBP37.00$g0$hP$5Uk
=ACF  \\$aPrevious copyright fee: GBP39.00$c2\0$e01-jan-2020$fGBP39.00$g0$hP$5Uk
=LAS  \\$aDEL-3PM$b00$c20230116$lBLL01$h0957

