=LDR  05060cas a2201153 i 4500
=001  016866078
=003  Uk
=005  20230405090317.0
=006  m\\\\\\\\d\\\\\\\\
=007  cr\|||||||||||
=008  140912d19922020xxuqr\p\o\\\\\0\\\a0eng\\
=FMT  \\$a  SE
=010  \\$a  2005214708
=015  \\$aGBB5I2617$2bnb
=022  \\$a1558-092X$l1061-1959$y1061-1959
=032  \\$a003136$bUSPS
=035  \\$a(OCoLC)54791020
=037  \\$aISSN_10611959_21$bPortico$nTaylor & Francis
=040  \\$aTxEU$beng$cTxEU$dOCoLC$dCaQMU$dOCoLC$dNSDP$dOCoLC$dOCLCF$dOCLCO$dTxCM$dUk$erda
=041  1\$aeng$hrus
=042  \\$aukblsr
=043  \\$ame-----
=050  \4$aGN1$b.S66
=082  04$a301.095$223
=130  0\$aAnthropology & archeology of Eurasia (Online)
=222  \0$aAnthropology & archeology of Eurasia$b(Online)
=245  10$aAnthropology & archeology of Eurasia.
=246  3\$aAnthropology and archeology of Eurasia
=264  \1$3-vol. 53, no. 1:$a[Armonk] :$bM.E. Sharpe,$c-2020.
=264  31$3Vol. 53, no. 2- :$a[Philadelphia] :$bRoutledge, Taylor & Francis Group
=310  \\$aQuarterly
=336  \\$atext$2rdacontent
=337  \\$acomputer$2rdamedia
=338  \\$aonline resource$2rdacarrier
=362  0\$a-volume 59, issue 3-4 (2020).
=362  1\$aPrint began with: Vol. 31, no. 1 (summer 1992).
=580  \\$aIncludes issues of earlier title: Soviet anthropology and archeology.
=588  \\$aDescription based on: Vol. 35, no. 4 (Spring 1997); title from PDF article running title (Taylor & Francis, viewed August 24, 2015).
=588  \\$aLatest issue consulted: Volume 59, Issue 3-4 (2020)(viewed April 5, 2023).
=546  \\$aTranslations of articles from Russian publications.
=540  \\$aCurrent copyright fee: GBP25.00$c0$5Uk
=650  \0$aAnthropology$zEurasia$vPeriodicals.
=650  \0$aAnthropology$zRussia$vPeriodicals.
=651  \0$aEurasia$xAntiquities$vPeriodicals.
=651  \0$aRussia$xAntiquities$vPeriodicals.
=651  \0$aEurasia$xCivilization$vPeriodicals.
=651  \0$aRussia$xCivilization$vPeriodicals.
=655  \7$aPeriodicals.$2fast
=776  08$iPrint version:$tAnthropology & archeology of Eurasia$x1061-1959
=780  10$tSoviet anthropology and archeology
=856  40$uhttps://www.tandfonline.com/journals/maae20
=859  \\$aELD$bejournal
=852  41$aBritish Library$bDSC$j1546.502670
=852  41$aBritish Library$bHMNTS$jELD Digital store$3Volume 55:Issue 1(2016)-Volume 59:Issue 3/4(2020)***Previous issues available in print copy
=945  \\$aAnthropology and archaeology of Eurasia
=CAT  \\$a8055$b40$c20140912$lBLL01$h1315
=CAT  \\$a12654$b40$c20141106$lBLL01$h1422
=CAT  \\$a5552$b40$c20141118$lBLL01$h0910
=CAT  \\$aIPL-CLA$c20141231$lBLL01$h1705
=CAT  \\$aBLDSS-3PM$b00$c20150215$lBLL01$h1114
=CAT  \\$aBATCH-UPD$b00$c20151119$lBLL01$h1546
=CAT  \\$a8464$b40$c20151202$lBLL01$h1405
=CAT  \\$a8323$b40$c20151216$lBLL01$h1139
=CAT  \\$aIPL-CLA$c20151231$lBLL01$h1936
=CAT  \\$a8037$b40$c20160121$lBLL01$h1202
=CAT  \\$aBATCH-UPD$b40$c20160815$lBLL01$h0408
=CAT  \\$aBATCH-UPD$b40$c20161122$lBLL01$h1515
=CAT  \\$aIPL-CLA$c20161231$lBLL01$h0019
=CAT  \\$aBATCH-UPD$b00$c20171121$lBLL01$h1650
=CAT  \\$aW1711-1005$c20171206$lBLL01$h1827
=CAT  \\$aIPL-CLA$c20171231$lBLL01$h1826
=CAT  \\$aBATCH-UPD$b00$c20181217$lBLL01$h1641
=CAT  \\$aIPL-CLA$c20181231$lBLL01$h1554
=CAT  \\$aBATCH-UPD$b00$c20191122$lBLL01$h1903
=CAT  \\$aIPL-CLA$c20191231$lBLL01$h2039
=CAT  \\$aBATCH-UPD$b00$c20201118$lBLL01$h1337
=CAT  \\$aIPL-CLA$c20201231$lBLL01$h1533
=CAT  \\$aBATCH-UPD$b00$c20221121$lBLL01$h1350
=CAT  \\$a8055$b40$c20221222$lBLL01$h1107
=CAT  \\$aIPL-CLA$c20221231$lBLL01$h1452
=CAT  \\$aDEL-3PM$c20230116$lBLL01$h0957
=CAT  \\$a8124$b40$c20230405$lBLL01$h0903
=CFI  0\$aCurrent copyright fee: GBP25.00$c0$e01-jan-2023$fGBP25.00$g0$hA$5Uk
=CFI  2\$aPrevious copyright fee: GBP35.00$c2\0$e01-jan-2021$fGBP35.00$g0$hP$5Uk
=EST  \\$a1
=FIN  \\$aY$d20151216
=LET  \0$aAnthropology & archeology of Eurasia (Electronic)
=LKR  \\$aPAR$b010460906$lBLL01$nAnthropology & archeology of Eurasia (Print)$mAnthropology & archeology of Eurasia (Online)$r776
=MNI  \\$a1061-1959
=SRC  \\$aBLL02
=TOC  \\$aETOC
=ACF  \\$aPrevious copyright fee: GBP47.00$c52\0$e12-sep-2014$fGBP47.00$g0$hP$5Uk
=ACF  \\$aPrevious copyright fee: GBP25.00$c2\0$e01-jan-2015$fGBP25.00$g0$hP$5Uk
=ACF  \\$aPrevious copyright fee: GBP26.00$c2\0$e01-jan-2016$fGBP26.00$g0$hP$5Uk
=ACF  \\$aPrevious copyright fee: GBP28.00$c2\0$e01-jan-2017$fGBP28.00$g0$hP$5Uk
=ACF  \\$aPrevious copyright fee: GBP30.00$c2\0$e01-jan-2018$fGBP30.00$g0$hP$5Uk
=ACF  \\$aPrevious copyright fee: GBP32.00$c2\0$e01-jan-2019$fGBP32.00$g0$hP$5Uk
=ACF  \\$aPrevious copyright fee: GBP34.00$c2\0$e01-jan-2020$fGBP34.00$g0$hP$5Uk
=LAS  \\$a8124$b40$c20230405$lBLL01$h0903

