=LDR  04271cas a2200961 i 4500
=001  016869768
=003  Uk
=005  20230416120248.0
=006  m\\\\\\\\d\\\\\\\\
=007  cr||||||||||||
=008  140917c19929999enkbr\p\s\\\\\0\\\a0eng\\
=FMT  \\$a  SE
=015  \\$aGBB713586$2bnb
=022  \\$a1558-0415
=037  \\$aISSN_10610405_21$bPortico$nTaylor & Francis
=040  \\$aUk$beng$cUk$erda
=042  \\$aukblsr
=082  04$a150$223
=222  \0$aJournal of Russian and East European psychology$b(Online)
=245  00$aJournal of Russian and East European psychology.
=260  \\$aArmonk, NY :$bM.E. Sharpe,$c1992-
=264  31$aAbingdon :$bTaylor & Francis
=336  \\$atext$2rdacontent
=337  \\$acomputer$2rdamedia
=338  \\$aonline resource$2rdacarrier
=362  1\$aPrint began in 1992.
=588  \\$aDescription based on: print version record.
=588  \\$aLatest issue consulted: volume 53, issue 4 (2016) (Taylor & Francis Online, viewed 31 January, 2017).
=580  \\$aIncludes issues of earlier titles : Soviet psychology and psychiatry and also Soviet psychology.
=538  \\$aMode of access: World Wide Web.
=540  \\$aCurrent copyright fee: GBP25.00$c0$5Uk
=650  \0$aPsychology$vPeriodicals.
=776  08$iAlso issued in print as:$tJournal of Russian and East European psychology$x1061-0405
=780  10$tSoviet psychology and psychiatry$x0584-5610
=780  10$tSoviet psychology$x0038-5751
=856  40$uhttp://www.tandfonline.com/loi/mrpo20
=859  \\$aELD$bejournal
=852  41$aBritish Library$bHMNTS$jELD Digital store$3Volume 53:Issue 1(2016)-Volume 59:Issue 4/6(2022)
=852  41$aBritish Library$bDSC$j5052.128950$3Volume 52:Issue 1(2015)-Volume 54:Issue 6(2017)
=945  \\$aJournal of Russian and East European psychology.
=959  \\$fHeld but not currently received
=979  \\$aBritish Library$bDSC$j5052.128950
=CAT  \\$a12654$b40$c20140917$lBLL01$h0925
=CAT  \\$aBLDSS-3PM$b00$c20150215$lBLL01$h1114
=CAT  \\$aBATCH-UPD$b00$c20151119$lBLL01$h1546
=CAT  \\$aIPL-CLA$c20151231$lBLL01$h1936
=CAT  \\$a10983$b40$c20160109$lBLL01$h0830
=CAT  \\$a11433$b40$c20160202$lBLL01$h1602
=CAT  \\$aBATCH-UPD$b40$c20160522$lBLL01$h2354
=CAT  \\$aBATCH-UPD$b40$c20161122$lBLL01$h1515
=CAT  \\$aIPL-CLA$c20161231$lBLL01$h0019
=CAT  \\$a5110$b40$c20170131$lBLL01$h1542
=CAT  \\$a5110$b40$c20170131$lBLL01$h1544
=CAT  \\$aBATCH-UPD$b40$c20171121$lBLL01$h1650
=CAT  \\$aW1711-1005$c20171206$lBLL01$h1827
=CAT  \\$aIPL-CLA$c20171231$lBLL01$h1826
=CAT  \\$aBATCH-UPD$b00$c20181217$lBLL01$h1641
=CAT  \\$aIPL-CLA$c20181231$lBLL01$h1554
=CAT  \\$aW1811-111$c20190203$lBLL01$h0956
=CAT  \\$aBATCH-UPD$b00$c20191122$lBLL01$h1903
=CAT  \\$aIPL-CLA$c20191231$lBLL01$h2039
=CAT  \\$aBATCH-UPD$b00$c20201118$lBLL01$h1337
=CAT  \\$aIPL-CLA$c20201231$lBLL01$h1533
=CAT  \\$aBATCH-UPD$b00$c20221121$lBLL01$h1350
=CAT  \\$a8055$b40$c20221222$lBLL01$h1416
=CAT  \\$aIPL-CLA$c20221231$lBLL01$h1452
=CAT  \\$aDEL-3PM$c20230116$lBLL01$h0957
=CAT  \\$a5410$b40$c20230416$lBLL01$h1202
=CFI  0\$aCurrent copyright fee: GBP25.00$c0$e01-jan-2023$fGBP25.00$g0$hA$5Uk
=CFI  2\$aPrevious copyright fee: GBP35.00$c2\0$e01-jan-2021$fGBP35.00$g0$hP$5Uk
=EST  \\$a1
=FIN  \\$aY$d20170131
=LKR  \\$aPAR$b010492051$lBLL01$nJournal of Russian and East European psychology (Print)$mJournal of Russian and East European psychology (Online)$r776
=MNI  \\$a1061-0405
=TOC  \\$aETOC
=ACF  \\$aPrevious copyright fee: GBP62.50$c52\0$e17-sep-2014$fGBP62.50$g0$hP$5Uk
=ACF  \\$aPrevious copyright fee: GBP25.00$c2\0$e01-jan-2015$fGBP25.00$g0$hP$5Uk
=ACF  \\$aPrevious copyright fee: GBP26.00$c2\0$e01-jan-2016$fGBP26.00$g0$hP$5Uk
=ACF  \\$aPrevious copyright fee: GBP28.00$c2\0$e01-jan-2017$fGBP28.00$g0$hP$5Uk
=ACF  \\$aPrevious copyright fee: GBP30.00$c2\0$e01-jan-2018$fGBP30.00$g0$hP$5Uk
=ACF  \\$aPrevious copyright fee: GBP32.00$c2\0$e01-jan-2019$fGBP32.00$g0$hP$5Uk
=ACF  \\$aPrevious copyright fee: GBP34.00$c2\0$e01-jan-2020$fGBP34.00$g0$hP$5Uk
=LAS  \\$a5410$b40$c20230416$lBLL01$h1202

