=LDR  05675cas a2201261 a 4500
=001  013686434
=003  Uk
=005  20221231144814.0
=006  m\\\\\\\\d\\\\\\\\
=007  cr\an|||||||||
=008  020612c19619999enkqr\pso\\\\\0\\\a0eng\c
=FMT  \\$a  SE
=010  \\$a2002227034
=015  \\$aGBB773661$2bnb
=016  7\$a100967732$2DNLM
=022  0\$a1748-5959$202
=035  \\$a(OCoLC)49976310$z(OCoLC)51835613$z(OCoLC)84696809$z(OCoLC)289483225$z(OCoLC)315910596
=037  \\$aISSN_00182680$bPortico$nWiley
=037  3\$aISSN_00182680_30$bPortico$nCambridge University Press
=040  \\$aEYM$cEYM$dOCLCQ$dEQO$dOCLCQ$dMUQ$dMYG$dCUD$dZ5A$dOCL$dGUA$dOCLCQ$dUk
=042  \\$aissnuk$aukblsr
=050  14$aL11
=082  04$a370.9$223
=130  0\$aHistory of education quarterly (Online)
=210  0\$aHist. educ. q.$b(Online)
=222  \0$aHistory of education quarterly$b(Online)
=245  10$aHistory of education quarterly$h[electronic resource].
=260  \\$aPittsburgh, Penn. :$bUniversity of Pittsburgh,$c1961-
=260  2\$aOxford :$bBlackwell
=264  31$aNew York :$bCambridge University Press
=310  \\$aQuarterly
=336  \\$atext$2rdacontent
=337  \\$acomputer$2rdamedia
=338  \\$aonline resource$2rdacarrier
=362  0\$aVol. 1, no. 1 (Mar. 1961)-
=500  \\$aTitle from title screen (viewed June 5, 2002).
=500  \\$aPublished by: New York University, 1966-1985; History of Education Society, 1986-.
=500  \\$aPlace of publication varies.
=588  \\$aLatest issue consulted: volume 57:1 (February 2017) (Cambridge Core, viewed April 26, 2017).
=530  \\$aAlso issued in print.
=538  \\$aMode of access: World Wide Web.
=550  \\$aPublished in cooperation with: School of Education, Indiana University, 1986-1997; and in conjunction with: College of Education, Slippery Rock University, 1998-.
=550  \\$aOfficial organ of the History of Education Society.
=540  \\$aBritish Library not licensed to copy$c0$5Uk
=650  \0$aEducation$xHistory$vPeriodicals.
=650  \6$aÉducation$xHistoire$vPériodiques.
=650  17$aOnderwijs.$2gtt
=710  2\$aHistory of Education Society.
=710  2\$aUniversity of Pittsburgh.
=710  2\$aNew York University.
=710  2\$aIndiana University.$bSchool of Education.
=710  2\$aSlippery Rock University of Pennsylvania.$bCollege of Education.
=776  1\$tHistory of education quarterly$x0018-2680
=780  00$tHistory of education journal (Online)$x2327-8293
=859  \\$aELD$bejournal
=856  40$uhttp://onlinelibrary.wiley.com/journal/10.1111/(ISSN)1748-5959
=856  40$uhttp://www.blackwellpublishing.com/journal.asp?ref=0018-2680&site=1
=856  40$uhttp://www.historycooperative.org/heqindex.html
=856  40$uhttp://www.jstor.org/journals/00182680.html
=856  40$uhttps://www.cambridge.org/core/journals/history-of-education-quarterly
=852  41$aBritish Library$bHMNTS$jELD Digital store$3Volume 53:Issue 1(2013:Feb.)-
=852  41$aBritish Library$bDSC$j4318.125000$3Volume 47:Issue 1(2007)-Volume 54:Issue 4(2014)***See ESTAR for full holdings.
=945  \\$aHistory of education quarterly
=959  \\$fHeld but not currently received
=CAT  \\$a7174$b40$c20070302$lBLL01$h1050
=CAT  \\$aBATCH-CLA$c20140225$lBLL01$h2329
=CAT  \\$aBLDSS-3PM$b00$c20141214$lBLL01$h1524
=CAT  \\$aBATCH-UPD$b00$c20150215$lBLL01$h1628
=CAT  \\$aIPL-CLA$c20150228$lBLL01$h2051
=CAT  \\$aCDS15-UPD$b40$c20150918$lBLL01$h1640
=CAT  \\$aBATCH-UPD$b40$c20160605$lBLL01$h0118
=CAT  \\$a5552$b40$c20161128$lBLL01$h1230
=CAT  \\$aIPL-CLA$c20161230$lBLL01$h2211
=CAT  \\$aBATCH-UPD$b00$c20170104$lBLL01$h0050
=CAT  \\$a14412$b40$c20170109$lBLL01$h1059
=CAT  \\$a14412$b40$c20170109$lBLL01$h1100
=CAT  \\$a10983$b40$c20170215$lBLL01$h1605
=CAT  \\$a10806$b40$c20170426$lBLL01$h1322
=CAT  \\$a10806$b40$c20170426$lBLL01$h1325
=CAT  \\$aW1711-1005$c20171206$lBLL01$h1820
=CAT  \\$aW1902-1304$c20190314$lBLL01$h1240
=CAT  \\$aBATCH-UPD$b00$c20190314$lBLL01$h1618
=CAT  \\$aIPL-CLA$c20190331$lBLL01$h1727
=CAT  \\$aDEL-3PM$c20190409$lBLL01$h0906
=CAT  \\$aBATCH-CLA$b00$c20190621$lBLL01$h1539
=CAT  \\$aIPL-CLA$c20190630$lBLL01$h1537
=CAT  \\$aBATCH-CLA$b00$c20210328$lBLL01$h1305
=CAT  \\$aIPL-CLA$c20210331$lBLL01$h1701
=CAT  \\$aBATCH-CLA$b00$c20221206$lBLL01$h1653
=CAT  \\$aIPL-CLA$c20221231$lBLL01$h1448
=CFI  0\$aBritish Library not licensed to copy$c0$e01-jan-2023$hC$iCFP Excluded$5Uk
=CFI  2\$aPrevious Copyright Fee: GBP22.50$c0$e01-apr-2021$fGBP22.50$g0$hC$5Uk
=EST  \\$a1
=FIN  \\$aY$d20120717
=LKR  \\$aPAR$b009204022$lBLL01$r776$mHistory of education quarterly (Online)$nHistory of education quarterly (Print)
=MNI  \\$a0018-2680
=SID  \\$aZ39$bOCLC
=TCO  \\$aCLA$bCLA$c008
=TCO  \\$aTRS$bCCC$c008
=TOC  \\$aETOC
=ACF  \\$aPrevious Copyright Fee: GBP16.00$c10\0$e02-mar-2007$fGBP16.00$g0$hP$5Uk
=ACF  \\$aPrevious copyright fee: GBP17.00$c10\0$e01-jan-2009$fGBP17.00$g0$hP$5Uk
=ACF  \\$aPrevious copyright fee: GBP22.00$c10\0$e01-jan-2011$fGBP22.00$g0$hP$5Uk
=ACF  \\$aPrevious copyright fee: GBP24.00$c10\0$e01-mar-2015$fGBP24.00$g0$hP$5Uk
=ACF  \\$aPrevious copyright fee: GBP25.00$c43\0$e01-jan-2017$fGBP25.00$g0$hP$5Uk
=ACF  \\$aPrevious Copyright Fee: GBP17.50$c0$e01-apr-2019$fGBP17.50$g0$hA$5Uk
=ACF  \\$aPrevious Copyright Fee: GBP10.00$c0$e01-jul-2019$fGBP10.00$g0$hC$5Uk
=LAS  \\$aIPL-CLA$b00$c20221231$lBLL01$h1448

