=LDR  04391cas a2201045 a 4500
=001  013697668
=003  Uk
=005  20230511162925.0
=006  m\\\\\\\\d\\\\\\\\
=007  cr\cnu||||||||
=008  070803c20039999enkar\pss\\\\\0\\\a0eng\d
=FMT  \\$a  SE
=022  0\$a1754-2103$202
=035  \\$a(OCoLC)162163584
=037  \\$aISSN_11762322_33$bPortico$nHindawi
=040  \\$aRCE$beng$cRCE$dMUQ$dDLC$dOCLCQ$dUk$erda
=042  \\$aukblsr$aissnuk
=050  \4$aQH513$b.B56 (Online)
=082  04$a003.505$222
=130  0\$aApplied bionics and biomechanics (Online)
=210  0\$aAppl. bionics biomech.$b(Online)
=222  \0$aApplied bionics and biomechanics$b(Online)
=245  10$aApplied bionics and biomechanics$h[electronic resource].
=260  \\$aAuckland, N.Z. :$bOpen Mind Journals,$c2003-
=260  2\$32005-2006$aCambridge, England :$bWoodhead Publishing
=260  2\$32007-2010$a[Abingdon] :$bTaylor & Francis
=260  2\$32011->$aAmsterdam :$bIOS Press
=264  21$aCairo :$bHindawi Publishing Corporation
=264  31$a[London] :$b[Hindawi]
=310  \\$aAnnual
=321  \\$aQuarterly
=336  \\$atext$2rdacontent
=337  \\$acomputer$2rdamedia
=338  \\$aonline resource$2rdacarrier
=362  0\$aVol. 1, issue 1 (2003)-
=500  \\$aTitle from issue contents page (viewed Aug. 3, 2007).
=515  \\$aArticles added throughout the year and compiled into annual volumes.
=588  \\$aLatest issue consulted: volume 2018 (2018); title from table of contents page (Hindawi, viewed August 28, 2018).
=540  \\$aCurrent copyright fee: zero$c0$5Uk
=650  \0$aBionics$vPeriodicals.
=650  \0$aBiomechanics$vPeriodicals.
=650  \0$aBiomedical engineering$vPeriodicals.
=776  08$iAlso issued in print as:$tApplied bionics and biomechanics$x1176-2322
=856  4\$uhttp://www.atypon-link.com/WHP/loi/abib
=856  4\$uhttp://www.informaworld.com/smpp/title~content=t778164488~db=all
=856  40$uhttp://www.tandfonline.com/loi/tbob20
=856  40$uhttps://www.hindawi.com/journals/abb/
=859  \\$aELD$bejournal
=852  41$aBritish Library$bDSC$j1571.911000$3Volume 4:Issue 1(2007)-Volume 7:Issue 3(2010)***See ESTAR for full holdings.
=852  41$aBritish Library$bHMNTS$jELD Digital store$3Volume 2:Issue 1(2005)-
=945  \\$aApplied bionics and biomechanics
=959  \\$fHeld but not currently received
=985  \\$aISSN responsibility transferred to ISSN Egypt, 14.01.2015.
=985  \\$aISSN responsibility transferred from ISSN Egypt to ISSN UK, 2018.
=CAT  \\$a6537$b40$c20070319$lBLL01$h1028
=CAT  \\$a8464$b40$c20090716$lBLL01$h0750
=CAT  \\$aBATCH-UPD$b40$c20091118$lBLL01$h1242
=CAT  \\$aBATCH-UPD$b40$c20091231$lBLL01$h1812
=CAT  \\$aBATCH-UPD$b40$c20091231$lBLL01$h1831
=CAT  \\$aBATCH$b00$c20091231$lBLL01$h1851
=CAT  \\$a5997$b40$c20100317$lBLL01$h1244
=CAT  \\$aBATCH-UPD$b40$c20101116$lBLL01$h1330
=CAT  \\$aIPL-CLA$c20101231$lBLL01$h1521
=CAT  \\$a5552$b40$c20110316$lBLL01$h1414
=CAT  \\$a12654$b40$c20110621$lBLL01$h1430
=CAT  \\$a8323$b40$c20110727$lBLL01$h1419
=CAT  \\$aBATCH-CLA$b00$c20121109$lBLL01$h1725
=CAT  \\$aWR13_087$c20130612$lBLL01$h1629
=CAT  \\$aBLDSS-3PM$b00$c20150111$lBLL01$h1522
=CAT  \\$a11313$b40$c20150114$lBLL01$h0901
=CAT  \\$a11313$b40$c20150114$lBLL01$h0902
=CAT  \\$a11313$b40$c20150219$lBLL01$h1130
=CAT  \\$aBATCH-UPD$b40$c20170304$lBLL01$h1219
=CAT  \\$a11205$b40$c20180828$lBLL01$h1623
=CAT  \\$a5552$b40$c20190612$lBLL01$h1128
=CAT  \\$a14412$b40$c20210520$lBLL01$h1156
=CAT  \\$aBATCH-FIX$c20230511$lBLL01$h1629
=CFI  0\$aCurrent copyright fee: zero$c0$e12-jun-2019$fGBP0.00$g0$hZ$5Uk
=CFI  2\$aPrevious copyright fee: GBP15.00$c27\0$e16-mar-2011$fGBP15.00$g0$hP$5Uk
=EST  \\$a1
=FIN  \\$aY$d20060319
=LET  \0$aApplied bionics and biomechanics (Electronic)
=MNI  \\$a1176-2322
=SID  \\$aZ39$bOCLC
=TCO  \\$aCLA$bCLA$c008
=TOC  \\$aETOC
=ACF  \\$acurrent copyright fee: GBP25.00$c2\0$e01-jan-2011$fGBP25.00$g0$hP$5Uk
=ACF  \\$aPrevious copyright fee: GBP21.00$c2\0$e01-jan-2010$fGBP21.00$g0$hP$5Uk
=ACF  \\$aPrevious copyright fee: GBP20.00$c2\0$e16-jul-2009$fGBP20.00$g0$hP$5Uk
=LAS  \\$aBATCH-FIX$b00$c20230511$lBLL01$h1629

