=LDR  04866cas a2201129 a 4500
=001  013768875
=003  Uk
=005  20221231144835.0
=006  m\\\\\o\\d\\\\\\\\
=007  cr\cn|||||||||
=008  070613c19929999xxuqr\p\o\\\\\0\\\a0eng\\
=FMT  \\$a  SE
=015  \\$aGBB350630$2bnb
=022  \\$a1469-8676$l0964-0282$y0964-0282
=037  3\$aISSN_09640282_116$bPortico$nBerghahn Journals
=037  \\$aISSN_09640282$bPortico$nWiley
=040  \\$aUk$beng$cUk$dUk
=042  \\$aukblsr
=082  04$a306$220
=130  0\$aSocial anthropology (Online)
=210  0\$aSoc. anthropol.$b(Online)
=222  \0$aSocial anthropology$b(Online)
=245  10$aSocial anthropology$h[electronic resource].
=246  00$aAnthropologie sociale (Online)
=260  \\$aCambridge :$bCambridge University Press
=260  2\$32007-$aOxford :$bBlackwell Publishing
=264  21$a[Oxford] :$bWiley
=264  31$32022-$a[Brooklyn, New York, N.Y.?] :$bBerghahn Books
=310  \\$aQuarterly,$b2009-
=321  \\$aThree issues yearly,$b-2008
=336  \\$atext$2rdacontent
=337  \\$acomputer$2rdamedia
=338  \\$aonline resource$2rdacarrier
=362  1\$aPrint began with vol. 1, pt. 1 (Aug. 1992).
=516  \\$aPDF format
=538  \\$aMode of access: World Wide Web.
=588  \\$aLatest issue consulted: volume 30, issue 1 (March 2022) (publisher's website, viewed October 12, 2022).
=540  \\$aBritish Library not licensed to copy$c0$5Uk
=650  \0$aEthnology$zEurope$vPeriodicals.
=651  \0$aEurope$xSocial life and customs$vPeriodicals.
=690  7\$aSocial Welfare$2blcoll
=710  2\$aEuropean Association of Social Anthropologists.
=776  1\$tSocial anthropology (Print)$x0964-0282
=859  \\$aELD$bejournal
=856  40$uhttp://onlinelibrary.wiley.com/journal/10.1111/(ISSN)1469-8676
=856  40$uhttps://www.berghahnjournals.com/view/journals/saas/saas-overview.xml
=852  41$aBritish Library$bHMNTS$jELD Digital store$3Volume 21:Number 1(2013:Feb.)-***Previous issues available in print copy
=852  41$aBritish Library$bDSC$j8318.053750$3Volume 15:Issue 1(2007)-Volume 19:Issue 4(2011)***See ESTAR for full holdings.
=945  \\$aSocial anthropology -Cambridge-.
=959  \\$fHeld but not currently received
=985  \\$aISSN responsibility transferred to U.S. Center (Richard, 12/10/22)
=CAT  \\$a7174$b40$c20070613$lBLL01$h1547
=CAT  \\$aW1711-1005$c20171206$lBLL01$h1820
=CAT  \\$aBATCH-UPD$b00$c20180219$lBLL01$h1750
=CAT  \\$aBATCH-UPD$b00$c20181121$lBLL01$h1623
=CAT  \\$aIPL-CLA$c20181231$lBLL01$h1545
=CAT  \\$aR1911-0245$c20191127$lBLL01$h0823
=CAT  \\$aR1911-0245$c20191127$lBLL01$h1045
=CAT  \\$aIPL-CLA$c20191231$lBLL01$h1946
=CAT  \\$a5410$b40$c20200302$lBLL01$h1540
=CAT  \\$a12654$b40$c20211026$lBLL01$h0909
=CAT  \\$aIPL-CLA$c20211231$lBLL01$h1544
=CAT  \\$a12654$b40$c20220105$lBLL01$h1012
=CAT  \\$aDEL-3PM$c20220105$lBLL01$h1525
=CAT  \\$a15190$b40$c20220125$lBLL01$h1132
=CAT  \\$aBATCH-CLA$b00$c20220329$lBLL01$h1633
=CAT  \\$aIPL-CLA$c20220331$lBLL01$h1952
=CAT  \\$a10983$b40$c20220917$lBLL01$h1057
=CAT  \\$a10806$b40$c20221007$lBLL01$h1140
=CAT  \\$a10806$b40$c20221007$lBLL01$h1157
=CAT  \\$a10806$b40$c20221012$lBLL01$h0947
=CAT  \\$a10806$b40$c20221018$lBLL01$h1430
=CAT  \\$a10806$b40$c20221018$lBLL01$h1519
=CAT  \\$a6811$b40$c20221102$lBLL01$h1514
=CAT  \\$aBATCH-CLA$b00$c20221206$lBLL01$h1709
=CAT  \\$a10983$b40$c20221212$lBLL01$h1501
=CAT  \\$aIPL-CLA$c20221231$lBLL01$h1448
=CFI  0\$aBritish Library not licensed to copy$c0$e01-jan-2023$hC$iCFP Excluded$5Uk
=CFI  2\$aPrevious Copyright Fee: GBP18.00$c0$e01-apr-2022$fGBP18.00$g0$hC$5Uk
=EST  \\$a1
=FIN  \\$aY
=LEO  \\$aMP22.0000063687
=LKR  \\$aPAR$b009878440$lBLL01$r776$mSocial anthropology (Online)$nSocial anthropology (Print)
=MNI  \\$a0964-0282
=SRC  \\$aISN01$bbibmp22.200404.2.aa
=TCO  \\$aCLA$bCLA$c008
=TOC  \\$aETOC
=UNO  \\$aY
=ACF  \\$aPrevious Copyright Fee: GBP16.00$c10\0$e13-jun-2007$fGBP16.00$g0$hP$5Uk
=ACF  \\$aPrevious copyright fee: GBP17.00$c10\0$e01-jan-2009$fGBP17.00$g0$hP$5Uk
=ACF  \\$aPrevious copyright fee: GBP22.00$c10\0$e01-jan-2011$fGBP22.00$g0$hP$5Uk
=ACF  \\$aPrevious copyright fee: GBP24.00$c10\0$e01-mar-2015$fGBP24.00$g0$hP$5Uk
=ACF  \\$aPrevious copyright fee: GBP24.00$c35\0$e07-mar-2017$fGBP24.00$g0$hP$5Uk
=ACF  \\$aPrevious copyright fee: GBP28.00$c35\0$e01-jan-2019$fGBP28.00$g0$hP$5Uk
=ACF  \\$aPrevious Copyright Fee: GBP32.00$c35\0$e01-jan-2020$fGBP32.00$g0$hP$5Uk
=ACF  \\$aPrevious Copyright Fee: GBP22.50$c0$e01-jan-2022$fGBP22.50$g0$hA$5Uk
=LAS  \\$aIPL-CLA$b00$c20221231$lBLL01$h1448

