=LDR  05258cas a2201165 a 4500
=001  015331046
=003  Uk
=005  20230511162958.0
=006  m\\\\\\\\d\\\\\\\\
=007  cr\cnu||||||||
=008  030815c19799999enkbr\pss\\\\\0\\\a0eng\c
=FMT  \\$a  SE
=010  \\$a2003215448
=015  \\$aGBB608312$2bnb
=022  0\$a1546-0118$21
=035  \\$a(OCoLC)52856402
=037  \\$aISSN_01998595$bPortico$nTaylor & Francis
=040  \\$aNSD$beng$cNSD$dOCLCQ$dOCL$dLGG$dOCLCQ$dUk
=042  \\$aukblsr
=050  14$aTJ163.6$b.E53
=082  10$a621.04205$222
=130  0\$aEnergy engineering (Online)
=210  0\$aEnergy eng.$b(Online)
=222  \0$aEnergy engineering$b(Online)
=245  10$aEnergy engineering$h[electronic resource].
=260  \\$aAtlanta, GA :$bEnergy Engineering,$c[1980]-
=260  2\$aLilburn, GA :$bAssociation of Energy Engineers
=260  3\$a[London] :$bTaylor & Francis
=310  \\$aBimonthly
=336  \\$atext$2rdacontent
=337  \\$acomputer$2rdamedia
=338  \\$aonline resource$2rdacarrier
=362  1\$aPrint began with vol. 77, no. 1 (Dec. 1979/Jan. 1980).
=500  \\$aDescription based on: Vol. 97, no. 5 (Aug./Sept. 2000); title from title screen of HTML (viewed Aug. 15, 2003).
=550  \\$aPublication of the Association of Energy Engineers (AEE).
=500  \\$aLatest issue consulted: volume 113, issue 2 (2016) (Taylor & Francis Online, viewed January 13, 2016).
=540  \\$aCurrent Copyright Fee: GBP42.55$c0$5Uk
=650  \0$aPower (Mechanics)$vPeriodicals.
=710  2\$aAssociation of Energy Engineers.
=776  08$iAlso issued in print as:$tEnergy engineering$x0199-8595
=859  \\$aELD$bejournal
=856  40$uhttp://www.aeecenter.org
=856  40$uhttp://www.tandfonline.com/toc/uene20/current
=852  41$aBritish Library$bSTI$jELD Digital store$3Volume 113:Issue 1(2016)-Volume 116:Issue 3(2019)***Previous issues available in print copy
=852  41$aBritish Library$bDSC$j3747.587000$3Volume 98:Issue 1(2001)-Volume 114:Issue 6(2017)***See ESTAR for full holdings.
=945  \\$aEnergy engineering
=959  \\$fHeld but not currently received
=979  \\$aBritish Library$bDSC$j3747.587000
=CAT  \\$a11033$b40$c20090721$lBLL01$h1214
=CAT  \\$aBATCH-UPD$b00$c20151119$lBLL01$h1535
=CAT  \\$aIPL-CLA$c20151231$lBLL01$h1931
=CAT  \\$a8464$b40$c20160111$lBLL01$h1544
=CAT  \\$a11205$b40$c20160113$lBLL01$h1659
=CAT  \\$a8464$b40$c20160204$lBLL01$h1054
=CAT  \\$a5552$b40$c20160301$lBLL01$h1531
=CAT  \\$aIPL-CLA$c20160331$lBLL01$h1755
=CAT  \\$aBATCH-UPD$b00$c20160705$lBLL01$h2108
=CAT  \\$aBATCH-UPD$b00$c20161122$lBLL01$h1506
=CAT  \\$aIPL-CLA$c20161230$lBLL01$h2333
=CAT  \\$aBATCH-UPD$b00$c20171121$lBLL01$h1656
=CAT  \\$aW1711-1005$c20171206$lBLL01$h1822
=CAT  \\$aIPL-CLA$c20171231$lBLL01$h1754
=CAT  \\$aBATCH-UPD$b00$c20181217$lBLL01$h1645
=CAT  \\$aIPL-CLA$c20181231$lBLL01$h1549
=CAT  \\$aW1811-111$c20190203$lBLL01$h0956
=CAT  \\$a12654$b40$c20191104$lBLL01$h0822
=CAT  \\$aIPL-CLA$c20191231$lBLL01$h2019
=CAT  \\$aDEL-3PM$c20200108$lBLL01$h0853
=CAT  \\$aBATCH-CLA$b00$c20201204$lBLL01$h1602
=CAT  \\$aIPL-CLA$c20201231$lBLL01$h1531
=CAT  \\$aBATCH-CLA$b00$c20221221$lBLL01$h1917
=CAT  \\$aIPL-CLA$c20221231$lBLL01$h1450
=CAT  \\$a5410$b40$c20230407$lBLL01$h1438
=CAT  \\$a12654$b40$c20230412$lBLL01$h0728
=CAT  \\$aBATCH-FIX$c20230511$lBLL01$h1629
=CFI  0\$aCurrent Copyright Fee: GBP42.55$c0$e12-apr-2023$fGBP42.55$g0$hC$5Uk
=CFI  2\$aPrevious Copyright Fee: GBP25.00$c0$e01-jan-2023$fGBP25.00$g0$hA$5Uk
=EST  \\$a1
=FIN  \\$aY$d20100407
=LET  \0$aEnergy engineering (Electronic)
=LKR  \\$aPAR$b007851666$lBLL01$nEnergy engineering (Print)$mEnergy engineering (Online)$r776
=MNI  \\$a0199-8595
=SID  \\$aZ39$bOCLC
=TCO  \\$aTRS$bCCC$c008
=TOC  \\$aETOC
=ACF  \\$aPrevious Copyright Fee: GBP22.50$c0$e01-jan-2021$fGBP22.50$g0$hA$5Uk
=ACF  \\$aPrevious copyright fee: GBP21.00$c2\0$e01-jan-2010$fGBP21.00$g0$hP$5Uk
=ACF  \\$aPrevious copyright fee: GBP20.00$c2\0$e21-jul-2009$fGBP20.00$g0$hP$5Uk
=ACF  \\$aPrevious copyright fee: GBP25.00$c2\0$e01-jan-2011$fGBP25.00$g0$hP$5Uk
=ACF  \\$aPrevious copyright fee: GBP27.00$c2\0$e01-jan-2012$fGBP27.00$g0$hP$5Uk
=ACF  \\$aPrevious copyright fee: GBP27.50$c2\0$e01-jan-2013$fGBP27.50$g0$hP$5Uk
=ACF  \\$aPrevious copyright fee: GBP28.00$c2\0$e01-jan-2014$fGBP28.00$g0$hP$5Uk
=ACF  \\$aPrevious copyright fee: GBP30.00$c2\0$e01-jan-2015$fGBP30.00$g0$hP$5Uk
=ACF  \\$aPrevious copyright fee: GBP34.00$c2\0$e01-jan-2016$fGBP34.00$g0$hP$5Uk
=ACF  \\$aPrevious Copyright Fee: GBP31.00$c2\0$e01-apr-2016$fGBP31.00$g0$hP$5Uk
=ACF  \\$aPrevious copyright fee: GBP33.00$c2\0$e01-jan-2017$fGBP33.00$g0$hP$5Uk
=ACF  \\$aPrevious copyright fee: GBP35.00$c2\0$e01-jan-2018$fGBP35.00$g0$hP$5Uk
=ACF  \\$aPrevious copyright fee: GBP37.00$c2\0$e01-jan-2019$fGBP37.00$g0$hP$5Uk
=ACF  \\$aPrevious copyright fee: GBP20.00$c0$e01-jan-2020$fGBP20.00$g0$hA$5Uk
=LAS  \\$aBATCH-FIX$b00$c20230511$lBLL01$h1629

