=LDR  04094cas a2200949 a 4500
=001  015797671
=003  Uk
=005  20231017151209.0
=006  m\\\\\\\\d\\\\\\\\
=007  cr\|||||||||||
=008  110427c19999999fr\qr\poo\\\\\0\\\a0eng\\
=FMT  \\$a  SE
=022  \\$a1950-6945
=037  \\$aISSN_19506945$bPortico$nWiley
=040  \\$aUk$beng$cUk
=042  \\$aukblsr
=082  04$a616.853$222
=130  0\$aEpileptic disorders (Online)
=222  \0$aEpileptic disorders$b(En ligne)
=245  10$aEpileptic disorders$h[electronic resource].
=260  \\$aMontrouge :$bJ. Libbey Eurotext
=260  3\$aParis :$bSpringer
=336  \\$atext$2rdacontent
=337  \\$acomputer$2rdamedia
=338  \\$aonline resource$2rdacarrier
=362  1\$aPrint began with: Vol. 1, no. 1 (Mar. 1999).
=540  \\$aBritish Library not licensed to copy$c0$5Uk
=588  \\$aDescription based on: Vol. 1, no. 1 (Mars 1999); title from contents page (John Libbey Eurotext, viewed May 10, 2011).
=588  \\$aLatest issue consulted: Vol. 12, no. 4 (Dec. 2010) (SpringerLink, viewed May 10, 2011).
=530  \\$aAlso issued in print.
=650  \0$aEpilepsy$vPeriodicals.
=776  1\$tEpileptic disorders$x1294-9361
=859  \\$aELD$bejournal
=856  40$uhttp://www.jle.com/en/revues/medecine/epd/archives.phtml
=856  40$uhttp://www.springerlink.com/content/1950-6945
=852  41$aBritish Library$bDSC$j3793.807200$3Volume 12:Issue 1(2010)-Volume 18:Issue 4(2016)***See ESTAR for full holdings.
=852  41$aBritish Library$bHMNTS$jELD Digital store$3Volume 16:Issue 1(2014:Mar.)-***Previous issues available in print copy
=945  \\$aEpileptic disorders
=959  \\$fHeld but not currently received
=CAT  \\$a12500$b40$c20110427$lBLL01$h1650
=CAT  \\$aBATCH-CLA$c20140528$lBLL01$h1808
=CAT  \\$aIPL-CLA$c20140630$lBLL01$h1752
=CAT  \\$a5552$b40$c20140717$lBLL01$h1327
=CAT  \\$aWR14_140$c20140905$lBLL01$h1824
=CAT  \\$aBLDSS-3PM$b00$c20141214$lBLL01$h1526
=CAT  \\$aBATCH-UPD$b00$c20150215$lBLL01$h1704
=CAT  \\$aIPL-CLA$c20150228$lBLL01$h2056
=CAT  \\$a5552$b40$c20150429$lBLL01$h1226
=CAT  \\$a8335$b40$c20150915$lBLL01$h1407
=CAT  \\$a8335$b40$c20150915$lBLL01$h1408
=CAT  \\$aBLDSS-3PM$b00$c20150923$lBLL01$h0726
=CAT  \\$aBATCH-UPD$b00$c20160624$lBLL01$h0934
=CAT  \\$a5552$b40$c20161010$lBLL01$h1223
=CAT  \\$aDEL-3PM$c20161102$lBLL01$h1049
=CAT  \\$a5410$b40$c20170315$lBLL01$h1424
=CAT  \\$a8055$b40$c20170704$lBLL01$h1433
=CAT  \\$aW1711-1005$c20171206$lBLL01$h1823
=CAT  \\$a5552$b40$c20190613$lBLL01$h1404
=CAT  \\$aBLDSS-3PM$b00$c20190617$lBLL01$h1550
=CAT  \\$aBATCH-UPD$b00$c20190617$lBLL01$h1550
=CAT  \\$a5410$b40$c20191101$lBLL01$h1144
=CAT  \\$a12654$b40$c20191105$lBLL01$h0822
=CAT  \\$aDEL-3PM$c20191112$lBLL01$h1438
=CAT  \\$a8055$b40$c20210810$lBLL01$h1333
=CAT  \\$a5552$b40$c20210816$lBLL01$h0944
=CAT  \\$a8055$b40$c20231017$lBLL01$h1512
=CFI  0\$aBritish Library not licensed to copy$c0$e05-nov-2019$hC$iTX$5Uk
=CFI  1\$aPending copyright fee: GBP32.00$c35\0$e01-jan-2024$fGBP32.00$g0$hP$5Uk
=CFI  2\$aPrevious copyright fee: GBP28.00$c35\0$e13-jun-2019$fGBP28.00$g0$hP$5Uk
=EST  \\$a1
=FIN  \\$aY$d20110510
=LKR  \\$aPAR$b007854269$lBLL01$r776$mEpileptic disorders (En ligne)$nEpileptic disorders.
=MNI  \\$a1294-9361
=TCO  \\$aFRA$bCFC$c008
=TOC  \\$aETOC
=ACF  \\$aPrevious copyright fee: GBP22.00$c22\3$e27-apr-2011$fGBP22.00$g0$hP$5Uk
=ACF  \\$aPrevious copyright fee: GBP22.00$c22\3$e12-aug-2012$fGBP22.00$g0$hP$5Uk
=ACF  \\$aPrevious copyright fee: GBP25.00$c22\3$e01-jan-2013$fGBP25.00$g0$hP$5Uk
=ACF  \\$aPrevious copyright fee: GBP25.77$c22\3$e01-jul-2013$fGBP25.77$g0$hP$5Uk
=ACF  \\$aPrevious copyright fee: GBP24.21$c22\3$e01-jul-2014$fGBP24.21$g0$hP$5Uk
=ACF  \\$aPrevious copyright fee: GBP24.97$c22\3$e01-jan-2014$fGBP24.97$g0$hP$5Uk
=LAS  \\$a8055$b40$c20231017$lBLL01$h1512

