=LDR  04982cas a2201177 a 4500
=001  016006407
=003  Uk
=005  20230409112825.0
=006  m\\\\\\\\d\\\\\\\\
=007  cr\bn||||a|a||
=008  101217c19989999gw\fr\p\s\\\\\0\\\a0eng\\
=FMT  \\$a  SE
=010  \\$a2011200015
=015  \\$aGBB5H9403$2bnb
=022  \\$a2159-6719$y1388-7890
=035  \\$a(OCoLC)693638711
=037  \\$aISSN_13887890$bPortico$nTaylor & Francis
=040  \\$aOCLCE$beng$cOCLCE$dDLC$dUk
=042  \\$aukblsr
=050  \4$aQL520$b.P36
=070  1\$aQL520$b.I57
=072  \0$aL700
=082  04$a595.73305$223
=130  0\$aInternational journal of odonatology (Online)
=222  \0$aInternational journal of odonatology$b(Online)
=245  10$aInternational journal of odonatology$h[electronic resource].
=246  13$aIJO
=260  \\$aLeiden :$bBackhuys
=260  2\$32011-$aAbingdon :$bTaylor & Francis
=264  31$32021-$aNeumünster :$bWachholtz
=310  \\$aSemiannual
=336  \\$atext$2rdacontent
=337  \\$acomputer$2rdamedia
=338  \\$aonline resource$2rdacarrier
=362  0\$aVol. 1 (1) (1998)-
=500  \\$aTitle from cover.
=550  \\$aOfficial organ of the Worldwide Dragonfly Association.
=588  \\$aDescription based on print version record.
=588  \\$aLatest issue consulted: Vol. 24 (2021) (Wachholz website, viewed December 6, 2021).
=540  \\$aCurrent Copyright Fee: GBP25.00$c0$5Uk
=650  \0$aOdonata$vPeriodicals.
=710  2\$aWorldwide Dragonfly Association.
=776  08$iAlso issued in print:$tInternational journal of odonatology$x1388-7890
=859  \\$aELD$bejournal
=856  40$uhttp://www.tandfonline.com/toc/tijo20/current
=856  40$uhttp://www.tandfonline.com/loi/tijo20
=856  40$uhttps://www.wachholtz-verlag.de/en/Open-Access/Biology-OA/
=852  41$aBritish Library$bDSC$j4542.417000$3Volume 15:Issue 1(2012)-Volume 20:Issue 3/4(2017)***See ESTAR for full holdings.
=852  41$aBritish Library$bHMNTS$jELD Digital store$3Volume 19:Issue 1/2(2016)-Volume 23:Issue 4(2020)
=945  \\$aInternational journal of odonatology
=959  \\$fHeld but not currently received
=979  \\$aBritish Library$bDSC$j4542.417000
=CAT  \\$a8464$b40$c20120112$lBLL01$h0932
=CAT  \\$aIPL-CLA$c20141231$lBLL01$h1702
=CAT  \\$aBATCH-UPD$b00$c20151119$lBLL01$h1536
=CAT  \\$a8124$b40$c20151215$lBLL01$h0751
=CAT  \\$aIPL-CLA$c20151231$lBLL01$h1934
=CAT  \\$a14448$b40$c20160126$lBLL01$h1455
=CAT  \\$a5552$b40$c20160302$lBLL01$h1408
=CAT  \\$aIPL-CLA$c20160331$lBLL01$h1807
=CAT  \\$aBATCH-UPD$b00$c20160620$lBLL01$h0224
=CAT  \\$aBATCH-UPD$b00$c20161122$lBLL01$h1506
=CAT  \\$aIPL-CLA$c20161230$lBLL01$h2359
=CAT  \\$aBATCH-UPD$b00$c20171121$lBLL01$h1656
=CAT  \\$aW1711-1005$c20171206$lBLL01$h1824
=CAT  \\$aIPL-CLA$c20171231$lBLL01$h1811
=CAT  \\$aBATCH-UPD$b00$c20181217$lBLL01$h1645
=CAT  \\$aIPL-CLA$c20181231$lBLL01$h1551
=CAT  \\$aW1811-111$c20190203$lBLL01$h0956
=CAT  \\$aBATCH-UPD$b00$c20191122$lBLL01$h1907
=CAT  \\$aIPL-CLA$c20191231$lBLL01$h2030
=CAT  \\$aBATCH-UPD$b00$c20201118$lBLL01$h1341
=CAT  \\$a12654$b40$c20201119$lBLL01$h1407
=CAT  \\$aIPL-CLA$c20201231$lBLL01$h1532
=CAT  \\$aDEL-3PM$c20210112$lBLL01$h1250
=CAT  \\$a3072$b40$c20211206$lBLL01$h1655
=CAT  \\$aBATCH-CLA$b00$c20221221$lBLL01$h1924
=CAT  \\$aIPL-CLA$c20221231$lBLL01$h1451
=CAT  \\$a5410$b40$c20230409$lBLL01$h1128
=CFI  0\$aCurrent Copyright Fee: GBP25.00$c0$e01-jan-2023$fGBP25.00$g0$hA$5Uk
=CFI  2\$aPrevious copyright fee: GBP22.50$c0$e01-jan-2021$fGBP22.50$g0$hA$5Uk
=EST  \\$a1
=FIN  \\$aY$d20120125
=LET  \0$aInternational journal of odonatology (Electronic)
=MNI  \\$a1388-7890
=SID  \\$aZ39$bOCLC
=TCO  \\$aZZZ$c008
=TCO  \\$aNLD$bSTICHTING REPRORECHT$c008
=TOC  \\$aETOC
=ACF  \\$aPrevious copyright fee: GBP23.00$c2\0$e12-jan-2012$fGBP23.00$g0$hP$5Uk
=ACF  \\$aPrevious copyright fee: GBP27.00$c2\0$e08-nov-2012$fGBP27.00$g0$hP$5Uk
=ACF  \\$aPrevious copyright fee: GBP27.50$c2\0$e01-jan-2013$fGBP27.50$g0$hP$5Uk
=ACF  \\$aPrevious copyright fee: GBP28.00$c2\0$e01-jan-2014$fGBP28.00$g0$hP$5Uk
=ACF  \\$aPrevious copyright fee: GBP30.00$c2\0$e01-jan-2015$fGBP30.00$g0$hP$5Uk
=ACF  \\$aPrevious copyright fee: GBP34.00$c2\0$e01-jan-2016$fGBP34.00$g0$hP$5Uk
=ACF  \\$aPrevious copyright fee: GBP31.00$c2\0$e01-apr-2016$fGBP31.00$g0$hP$5Uk
=ACF  \\$aPrevious copyright fee: GBP33.00$c2\0$e01-jan-2017$fGBP33.00$g0$hP$5Uk
=ACF  \\$aPrevious copyright fee: GBP35.00$c2\0$e01-jan-2018$fGBP35.00$g0$hP$5Uk
=ACF  \\$aPrevious copyright fee: GBP37.00$c2\0$e01-jan-2019$fGBP37.00$g0$hP$5Uk
=ACF  \\$aPrevious copyright fee: GBP39.00$c2\0$e01-jan-2020$fGBP39.00$g0$hP$5Uk
=LAS  \\$a5410$b40$c20230409$lBLL01$h1128

