=LDR  05548cas a2201165 a 4500
=001  016034094
=003  Uk
=005  20230920094227.0
=006  m\\\\\\\\d\\\\\\\\
=007  cr\c||||||||||
=008  091028c20079999ne\br\p\\\\\\\0\\\a0eng\d
=FMT  \\$a  SE
=022  \\$y1879-3886
=035  \\$a(OCoLC)644323522
=037  \\$a???$bKluwer Law International
=040  \\$aESSAL$bspa$cESSAL$dOCLCQ$dUk
=042  \\$aukblsr
=082  04$a344.4046$223
=130  0\$aEuropean energy and environmental law review (Online)
=210  0\$aEur. energy environ. law rev.
=245  10$aEuropean energy and environmental law review$h[electronic resource].
=260  \\$aAlphen aan den Rijn :$bKluwer Law International
=310  \\$aBimonthly
=336  \\$atext$2rdacontent
=337  \\$acomputer$2rdamedia
=338  \\$aonline resource$2rdacarrier
=362  0\$aVol. 17, issue 1 (2008)-
=580  \\$aIncludes issues of earlier title: European environmental law review.
=588  \\$aDescription based on: Vol. 9, no. 1 (2000) (publisher's website).
=588  \\$aLatest issue consulted: Vol. 21, issue 2 (2012) (Kluwer Law Online, viewed May 9, 2012).
=530  \\$aAlso issued in print.
=540  \\$aCurrent copyright fee: GBP20.83$c34\0$5Uk
=650  \0$aEnvironmental law$zEurope$vPeriodicals.
=650  \0$aRenewable energy sources$xLaw and legislation$zEurope$vPeriodicals.
=650  \0$aEnvironmental law$vPeriodicals.
=710  2\$aKluwer Law International (Firm)
=780  10$tEuropean environmental law review$x0966-1646
=856  40$uhttp://www.kluwerlawonline.com/toc.php?pubcode=EELR
=859  \\$aELD$bejournal
=852  41$aBritish Library$bDSC$j3829.699107$3Volume 17:Issue 1(2008)-Volume 18:Issue 6(2009)***See ESTAR for full holdings.
=852  41$aBritish Library$bHMNTS$jELD Digital store$3Volume 32:Issue 1(2023)-
=945  \\$aEuropean energy and environmental law review
=959  \\$fHeld but not currently received
=CAT  \\$a12500$b40$c20120221$lBLL01$h0957
=CAT  \\$aBATCH-UPD$b00$c20160824$lBLL01$h1836
=CAT  \\$aIPL-CLA$c20160930$lBLL01$h1635
=CAT  \\$aBATCH-UPD$b00$c20170216$lBLL01$h1918
=CAT  \\$aIPL-CLA$c20170331$lBLL01$h1913
=CAT  \\$aBATCH-UPD$b00$c20170904$lBLL01$h1939
=CAT  \\$aIPL-CLA$c20170929$lBLL01$h1758
=CAT  \\$aBATCH-UPD$b00$c20180223$lBLL01$h1815
=CAT  \\$aIPL-CLA$c20180331$lBLL01$h1658
=CAT  \\$aBATCH-UPD$b00$c20180823$lBLL01$h1954
=CAT  \\$aIPL-CLA$c20180930$lBLL01$h1514
=CAT  \\$aBATCH-UPD$b00$c20190829$lBLL01$h1555
=CAT  \\$aIPL-CLA$c20190930$lBLL01$h1651
=CAT  \\$aBATCH-UPD$b00$c20200219$lBLL01$h1536
=CAT  \\$aIPL-CLA$c20200331$lBLL01$h1628
=CAT  \\$aBATCH-UPD$b00$c20200522$lBLL01$h1519
=CAT  \\$aIPL-CLA$c20200701$lBLL01$h0112
=CAT  \\$aBATCH-UPD$b00$c20210226$lBLL01$h1102
=CAT  \\$aIPL-CLA$c20210331$lBLL01$h1702
=CAT  \\$aBATCH-UPD$b00$c20210707$lBLL01$h1625
=CAT  \\$aIPL-CLA$c20210707$lBLL01$h1844
=CAT  \\$aBATCH-UPD$b00$c20220520$lBLL01$h1706
=CAT  \\$aIPL-CLA$c20220630$lBLL01$h1539
=CAT  \\$aBATCH-UPD$b00$c20220824$lBLL01$h0929
=CAT  \\$aIPL-CLA$c20220930$lBLL01$h1428
=CAT  \\$a15020$b40$c20230920$lBLL01$h0942
=CFI  0\$aCurrent copyright fee: GBP20.83$c34\0$e01-oct-2022$fGBP20.83$g0$hP$5Uk
=CFI  2\$aPrevious copyright fee: GBP20.00$c34\0$e01-jul-2022$fGBP20.00$g0$hP$5Uk
=EST  \\$a1
=FIN  \\$aY$d20120509
=LKR  \\$aPAR$b012432869$lBLL01$nEuropean environmental law review$mEuropean energy and environmental law review$r78000
=MNI  \\$a1879-3886
=SID  \\$aZ39$bOCLC
=TCO  \\$aNLD$bSTICHTING REPRORECHT$c008
=TOC  \\$aETOC
=UNO  \\$aY
=ACF  \\$aPrevious copyright fee: GBP16.13$c34\0$e21-feb-2012$fGBP16.13$g0$hP$5Uk
=ACF  \\$aPrevious copyright fee: GBP15.15$c34\0$e01-jul-2012$fGBP15.15$g0$hP$5Uk
=ACF  \\$aPrevious copyright fee: GBP15.63$c34\0$e01-jan-2013$fGBP15.63$g0$hP$5Uk
=ACF  \\$aPrevious copyright fee: GBP16.13$c34\0$e01-jul-2013$fGBP16.13$g0$hP$5Uk
=ACF  \\$aPrevious copyright fee: GBP15.63$c34\0$e01-jan-2014$fGBP15.63$g0$hP$5Uk
=ACF  \\$aPrevious copyright fee: GBP15.15$c34\0$e01-jul-2014$fGBP15.15$g0$hP$5Uk
=ACF  \\$aPrevious copyright fee: GBP16.13$c34\0$e01-apr-2015$fGBP16.13$g0$hP$5Uk
=ACF  \\$aPrevious copyright fee: GBP16.37$c34\0$e01-jul-2015$fGBP16.37$g0$hP$5Uk
=ACF  \\$aPrevious copyright fee: GBP16.13$c34\0$e01-oct-2015$fGBP16.13$g0$hP$5Uk
=ACF  \\$aPrevious copyright fee: GBP17.24$c34\0$e01-apr-2016$fGBP17.24$g0$hP$5Uk
=ACF  \\$aPrevious copyright fee: GBP18.52$c34\0$e01-oct-2016$fGBP18.52$g0$hP$5Uk
=ACF  \\$aPrevious copyright fee: GBP20.00$c34\0$e01-apr-2017$fGBP20.00$g0$hP$5Uk
=ACF  \\$aPrevious copyright fee: GBP19.23$c34\0$e01-oct-2017$fGBP19.23$g0$hP$5Uk
=ACF  \\$aPrevious copyright fee: GBP17.86$c34\0$e01-apr-2018$fGBP17.86$g0$hP$5Uk
=ACF  \\$aPrevious copyright fee: GBP19.23$c34\0$e01-oct-2018$fGBP19.23$g0$hP$5Uk
=ACF  \\$aPrevious copyright fee: GBP20.00$c34\0$e01-oct-2019$fGBP20.00$g0$hP$5Uk
=ACF  \\$aPrevious copyright fee: GBP19.23$c34\0$e01-apr-2020$fGBP19.23$g0$hP$5Uk
=ACF  \\$aPrevious copyright fee: GBP20.00$c34\0$e01-jul-2020$fGBP20.00$g0$hP$5Uk
=ACF  \\$aPrevious copyright fee: GBP18.52$c34\0$e01-apr-2021$fGBP18.52$g0$hP$5Uk
=ACF  \\$aPrevious copyright fee: GBP17.86$c34\0$e07-jul-2021$fGBP17.86$g0$hP$5Uk
=LAS  \\$a15020$b40$c20230920$lBLL01$h0942

