=LDR  03878cas a2200937 a 4500
=001  016064420
=003  Uk
=005  20230316145231.0
=006  m\\\\\\\\d\\\\\\\\
=007  cr\|||||||||||
=008  120405c20129999vauqr\p\o\\\\\0\\\a0eng\\
=FMT  \\$a  SE
=015  \\$aGBB434659$2bnb
=022  0\$a2161-2234
=037  \\$aISSN_21612234$bPortico$nWiley
=040  \\$aUk$beng$cUk$dUk
=042  \\$aissnuk$aukblsr
=082  04$a105$223
=222  \0$aThought$b(Hoboken, N.J.)
=245  00$aThought$h[electronic resource] :$ba journal of philosophy.
=260  \\$a[Hoboken, N.J.] :$bWiley
=264  31$32022-$aCharlottesville, Virginia :$bPhilosophy Documentation Center
=310  \\$aQuarterly
=336  \\$atext$2rdacontent
=337  \\$acomputer$2rdamedia
=338  \\$aonline resource$2rdacarrier
=362  0\$aVol. 1, issue 1 (Mar. 2012)-
=500  \\$aTitle from journal home page (Wiley Online Library, viewed Apr. 17, 2012).
=588  \\$aLatest issue consulted: volume 11, issue 1 (March 2022) (PDC website, viewed March 16, 2023)
=540  \\$aCurrent Copyright Fee: GBP25.00$c0$5Uk
=650  \0$aPhilosophy$vPeriodicals.
=650  \0$aLogic$vPeriodicals.
=650  \0$aKnowledge, Theory of$vPeriodicals.
=710  2\$aNorthern Institute of Philosophy.
=859  \\$aELD$bejournal
=856  40$uhttp://onlinelibrary.wiley.com/journal/10.1002/(ISSN)2161-2234
=856  40$uhttps://www.pdcnet.org/tht
=852  41$aBritish Library$bDSC$j8820.291500$3Volume 1:Issue 1(2012)-Volume 3:Issue 4(2014)***See ESTAR for full holdings.
=852  41$aBritish Library$bHMNTS$jELD Digital store$3Volume 2:Number 1(2013:Mar.)-Volume 10:Number 4(2021)***Previous issues available in print copy
=945  \\$aThought- Northern Institute of Philosophy
=959  \\$fHeld but not currently received
=985  \\$aCONFERENCE ANALYTIC RECORDS EXIST
=CAT  \\$a8464$b40$c20120405$lBLL01$h1324
=CAT  \\$a8483$b40$c20120417$lBLL01$h1406
=CAT  \\$a8483$b40$c20120417$lBLL01$h1407
=CAT  \\$a7416$b40$c20120420$lBLL01$h1624
=CAT  \\$a8342$b40$c20140219$lBLL01$h1156
=CAT  \\$a8323$b40$c20140327$lBLL01$h1413
=CAT  \\$a10983$b40$c20140401$lBLL01$h1013
=CAT  \\$aBLDSS-3PM$b00$c20141214$lBLL01$h1527
=CAT  \\$aBATCH-UPD$b00$c20150215$lBLL01$h1705
=CAT  \\$aIPL-CLA$c20150228$lBLL01$h2057
=CAT  \\$aCDS15-UPD$b40$c20150918$lBLL01$h1640
=CAT  \\$aBATCH-UPD$b40$c20160626$lBLL01$h2340
=CAT  \\$aW1711-1005$c20171206$lBLL01$h1824
=CAT  \\$aBATCH-UPD$b00$c20180219$lBLL01$h1755
=CAT  \\$aBATCH-UPD$b00$c20181121$lBLL01$h1626
=CAT  \\$aIPL-CLA$c20181231$lBLL01$h1552
=CAT  \\$aR1911-0245$c20191127$lBLL01$h0823
=CAT  \\$aR1911-0245$c20191127$lBLL01$h1045
=CAT  \\$a5410$b40$c20191211$lBLL01$h1106
=CAT  \\$aIPL-CLA$c20191231$lBLL01$h2031
=CAT  \\$a12654$b40$c20211026$lBLL01$h0933
=CAT  \\$aIPL-CLA$c20211231$lBLL01$h1545
=CAT  \\$a12654$b40$c20220105$lBLL01$h1014
=CAT  \\$aDEL-3PM$c20220105$lBLL01$h1525
=CAT  \\$aBATCH-CLA$b00$c20221221$lBLL01$h1924
=CAT  \\$aIPL-CLA$c20221231$lBLL01$h1451
=CAT  \\$a10969$b40$c20230316$lBLL01$h1452
=CFI  0\$aCurrent Copyright Fee: GBP25.00$c0$e01-jan-2023$fGBP25.00$g0$hA$5Uk
=CFI  2\$aPrevious Copyright Fee: GBP22.50$c0$e01-jan-2022$fGBP22.50$g0$hA$5Uk
=EST  \\$a1
=FIN  \\$aY$d20120417
=MNI  \\$a2161-2234
=TOC  \\$aETOC
=UNO  \\$aY
=ACF  \\$aPrevious copyright fee: GBP22.00$c35\0$e05-apr-2012$fGBP22.00$g0$hP$5Uk
=ACF  \\$aPrevious copyright fee: GBP24.00$c35\0$e01-mar-2015$fGBP24.00$g0$hP$5Uk
=ACF  \\$aPrevious copyright fee: GBP28.00$c35\0$e01-jan-2019$fGBP28.00$g0$hP$5Uk
=ACF  \\$aPrevious Copyright Fee: GBP32.00$c35\0$e01-jan-2020$fGBP32.00$g0$hP$5Uk
=LAS  \\$a10969$b40$c20230316$lBLL01$h1452

