=LDR  05118cas a2201177 a 4500
=001  016064459
=003  Uk
=005  20230201172033.0
=006  m\\\\\\\\d\\\\\\\\
=007  cr\un|||||||||
=008  070228c19469999vauqr\p\o\\\\\0\\\a0eng\c
=FMT  \\$a  SE
=010  \\$a2011202777
=015  \\$aGBB352584$2bnb
=016  7\$a2625413-X$2DE-600
=022  0\$a2161-4296$y0028-1522
=035  \\$a(OCoLC)85449393$z(OCoLC)297267146
=037  \\$aISSN_00281522$bPortico$nWiley
=040  \\$aOCLCS$beng$cOCLCS$dOCLCS$dOCLCQ$dOCLCE$dDLC$dHEBIS$dMYG$dUk
=042  \\$aukblsr
=050  04$aVK1$b.N33
=082  04$a527.05$223
=130  0\$aNavigation (Los Angeles, Calif. : Online)
=222  \0$aNavigation$b(Los Angeles, Calif. Online)
=245  10$aNavigation$h[electronic resource] :$bjournal of the Institute of Navigation.
=260  \\$aLos Angeles, Calif. :$bThe Institute
=260  2\$32012-2021$a[Hoboken, NJ] :$bJohn Wiley & Sons
=264  31$32022-$a[Manassas, Virginia] :$bInstitute of Navigation
=310  \\$aQuarterly
=336  \\$atext$2rdacontent
=337  \\$acomputer$2rdamedia
=338  \\$aonline resource$2rdacarrier
=362  1\$aBegan with v. 1, no. 1 (Mar. 1946).
=500  \\$aPublished: Alexandria, VA, <1997->.
=538  \\$aMode of access: World Wide Web.
=588  \\$aDescription based on: Vol. 59, no. 1 (spring 2012); title from journal home page (Wiley Online Library, viewed Apr. 10, 2012).
=588  \\$aLatest issue consulted: volume 69, issue 4 (winter 2021), Institute of Navigation website, viewed January 1, 2023.
=540  \\$aBritish Library not licensed to copy$c0$5Uk
=650  \0$aNavigation$vPeriodicals.
=650  \0$aNavigation (Aeronautics)$vPeriodicals.
=650  17$aNavigatie.$2gtt
=650  \6$aNavigation$vPériodiques.
=650  \6$aNavigation (Aéronautique)$vPériodiques.
=650  \7$aNAVIGATION.$2unbist
=650  \7$aMARITIME SATELLITES.$2unbist
=650  \7$aNAVIGATION SATELLITES.$2unbist
=710  2\$aInstitute of Navigation.
=776  08$iPrint version:$tNavigation (Los Angeles, Calif.)$x0028-1522
=859  \\$aELD$bejournal
=856  40$uhttp://onlinelibrary.wiley.com/journal/10.1002/%28ISSN%292161-4296
=856  40$uhttp://rzblx1.uni-regensburg.de/ezeit/warpto.phtml?colors=7&jour%5Fid=53810
=856  40$uhttps://navi.ion.org/
=852  41$aBritish Library$bDSC$j6066.000000$3Volume 1:Issue 1(1946)-Volume 61:Issue 4(2014)***See ESTAR for full holdings.
=852  41$aBritish Library$bHMNTS$jELD Digital store$3Volume 60:Issue 1(2013)-Volume 68:Issue 3(2021)
=945  \\$aNavigation- Los Angeles and Washington-
=959  \\$fHeld but not currently received
=CAT  \\$a12654$b40$c20120405$lBLL01$h1406
=CAT  \\$aBATCH-UPD$b00$c20150215$lBLL01$h1705
=CAT  \\$aIPL-CLA$c20150228$lBLL01$h2057
=CAT  \\$aCDS15-UPD$b40$c20150918$lBLL01$h1640
=CAT  \\$aBATCH-UPD$b40$c20160605$lBLL01$h0614
=CAT  \\$aW1711-1005$c20171206$lBLL01$h1824
=CAT  \\$aBATCH-UPD$b00$c20180219$lBLL01$h1755
=CAT  \\$aBATCH-UPD$b00$c20181121$lBLL01$h1626
=CAT  \\$aIPL-CLA$c20181231$lBLL01$h1552
=CAT  \\$aR1911-0245$c20191127$lBLL01$h0823
=CAT  \\$aR1911-0245$c20191127$lBLL01$h1045
=CAT  \\$aIPL-CLA$c20191231$lBLL01$h2031
=CAT  \\$a5410$b40$c20200906$lBLL01$h2019
=CAT  \\$a12654$b40$c20211026$lBLL01$h0825
=CAT  \\$aIPL-CLA$c20211231$lBLL01$h1545
=CAT  \\$a12654$b40$c20220104$lBLL01$h0852
=CAT  \\$aDEL-3PM$c20220105$lBLL01$h1525
=CAT  \\$aBATCH-CLA$b00$c20220329$lBLL01$h1635
=CAT  \\$aIPL-CLA$c20220331$lBLL01$h1952
=CAT  \\$aBATCH-CLA$b00$c20220628$lBLL01$h0756
=CAT  \\$aIPL-CLA$c20220630$lBLL01$h1539
=CAT  \\$aBATCH-CLA$b00$c20220927$lBLL01$h1151
=CAT  \\$aIPL-CLA$c20220930$lBLL01$h1428
=CAT  \\$aBATCH-CLA$b00$c20221206$lBLL01$h1800
=CAT  \\$aIPL-CLA$c20221231$lBLL01$h1451
=CAT  \\$a10969$b40$c20230201$lBLL01$h1720
=CFI  0\$aBritish Library not licensed to copy$c0$e01-jan-2023$hC$iCFP Excluded$5Uk
=CFI  2\$aPrevious Copyright Fee: GBP30.92$c0$e01-oct-2022$fGBP30.92$g0$hC$5Uk
=EST  \\$a1
=FIN  \\$aY$d20120417
=LET  \0$aNavigation (Electronic)
=LKR  \\$aPAR$b012418185$lBLL01$r776$mNavigation journal of the Institute of Navigation.$nNavigation.
=MNI  \\$a0028-1522
=SID  \\$aZ39$bOCLC
=TCO  \\$aTRS$bCCC$c008
=TOC  \\$aETOC
=UNO  \\$aY
=ACF  \\$aPrevious copyright fee: GBP22.00$c35\0$e05-apr-2012$fGBP22.00$g0$hP$5Uk
=ACF  \\$aPrevious copyright fee: GBP24.00$c35\0$e01-mar-2015$fGBP24.00$g0$hP$5Uk
=ACF  \\$aPrevious copyright fee: GBP28.00$c35\0$e01-jan-2019$fGBP28.00$g0$hP$5Uk
=ACF  \\$aPrevious Copyright Fee: GBP32.00$c35\0$e01-jan-2020$fGBP32.00$g0$hP$5Uk
=ACF  \\$aPrevious Copyright Fee: GBP22.50$c0$e01-jan-2022$fGBP22.50$g0$hA$5Uk
=ACF  \\$aPrevious Copyright Fee: GBP43.49$c0$e01-apr-2022$fGBP43.49$g0$hC$5Uk
=ACF  \\$aPrevious Copyright Fee: GBP45.66$c0$e01-jul-2022$fGBP45.66$g0$hC$5Uk
=LAS  \\$a10969$b40$c20230201$lBLL01$h1720

