=LDR  04480cas a2201057 a 4500
=001  013817019
=003  Uk
=005  20221231144843.0
=006  m\\\\\\\\d\|\\\\\\
=007  cr||||||||||||
=008  070814c19359999enkbr\p\o\\\\\0\\\a0eng\\
=FMT  \\$a  SE
=015  \\$aGBB401115$2bnb
=019  c\$a102053715
=022  0\$a1570-5846$202
=037  \\$aBL_0010437X$bPortico$nCambridge University Press
=037  3\$aISSN_0010437X$bPortico$nCambridge University Press
=040  \\$aUk$beng$cUk$dUk
=042  \\$aissnuk$aukblsr
=082  04$a510$223
=130  0\$aCompositio mathematics (Online)
=222  \0$aCompositio mathematica$b(Dordrecht. Online)
=245  10$aCompositio mathematica$h[electronic resource].
=260  \\$aGroningen :$bNoordhoff,$c1935-
=260  2\$aAlphen aan den Rijn :$bSijthoff & Noordhoff
=260  2\$aDordrecht :$bKluwer Academic Publishers
=260  3\$aCambridge :$bCambridge University Press
=310  \\$aBimonthly
=321  \\$aMonthly (except twice in Jan., May, and Sept.),$b<1993>-2003
=336  \\$atext$2rdacontent
=337  \\$acomputer$2rdamedia
=338  \\$aonline resource$2rdacarrier
=362  1\$aPrint began with Vol.1, fasc. 1 (Jan. 25, 1934).
=515  \\$aPublication suspended 1941-49.
=546  \\$aText in English, French, German or Italian.
=588  \\$aDescription based on print version.
=588  \\$aLatest issue consulted: Vol. 148, issue 6 (Nov. 2012) (Cambridge Journals, viewed Jan. 10, 2013).
=540  \\$aBritish Library not licensed to copy$c0$5Uk
=650  \0$aMathematics$vPeriodicals.
=710  2\$aLondon Mathematical Society.
=776  0\$tCompositio mathematica$x0010-437X
=859  \\$aELD$bejournal
=856  40$uhttp://journals.cambridge.org/action/displayJournal?jid=COM
=852  41$aBritish Library$bDSC$j3366.000000$31999 VOL 118 PART 3-2003 VOL 139 PART 3***See ESTAR for full holdings.
=852  41$aBritish Library$bSTI$jELD Digital Store$3Volume 149:Number 1(2013)-***Previous issues available in print copy
=945  \\$aCOMPOSITIO MATHEMATICA.
=959  \\$fCurrently received
=985  \\$aISSN responsibility transferred from ISSN Netherlands 14/8/07
=985  \\$aEjournals project 2012.
=CAT  \\$a11316$b40$c20070814$lBLL01$h0858
=CAT  \\$a5552$b40$c20110218$lBLL01$h0910
=CAT  \\$aBATCH-UPD$b40$c20121105$lBLL01$h1136
=CAT  \\$a8483$b40$c20130110$lBLL01$h1347
=CAT  \\$aWR13.005$c20130323$lBLL01$h1527
=CAT  \\$a14112$b40$c20131212$lBLL01$h1730
=CAT  \\$a11316$b40$c20140107$lBLL01$h1204
=CAT  \\$aBATCH-CLA$b00$c20140125$lBLL01$h1258
=CAT  \\$a14112$b40$c20140211$lBLL01$h1726
=CAT  \\$aBATCH-CLA$c20140225$lBLL01$h2330
=CAT  \\$aWR14_097$c20140704$lBLL01$h1704
=CAT  \\$aBLDSS-3PM$b00$c20141208$lBLL01$h1626
=CAT  \\$a5552$b40$c20160601$lBLL01$h1150
=CAT  \\$aIPL-CLA$c20160630$lBLL01$h1605
=CAT  \\$aW1711-1005$c20171206$lBLL01$h1820
=CAT  \\$a11033$b40$c20180223$lBLL01$h0817
=CAT  \\$aW1902-1304$c20190314$lBLL01$h1240
=CAT  \\$aBATCH-UPD$b00$c20190314$lBLL01$h1618
=CAT  \\$aIPL-CLA$c20190331$lBLL01$h1727
=CAT  \\$aDEL-3PM$c20190409$lBLL01$h0906
=CAT  \\$aBATCH-CLA$b00$c20190621$lBLL01$h1539
=CAT  \\$aIPL-CLA$c20190630$lBLL01$h1538
=CAT  \\$aBATCH-CLA$b00$c20210328$lBLL01$h1301
=CAT  \\$aIPL-CLA$c20210331$lBLL01$h1701
=CAT  \\$aBATCH-CLA$b00$c20221206$lBLL01$h1648
=CAT  \\$aIPL-CLA$c20221231$lBLL01$h1448
=CFI  0\$aBritish Library not licensed to copy$c0$e01-jan-2023$hC$iCFP Excluded$5Uk
=CFI  2\$aPrevious Copyright Fee: GBP22.50$c0$e01-apr-2021$fGBP22.50$g0$hC$5Uk
=EST  \\$a1
=FIN  \\$aY$d20070814
=LEO  \\$aMP10.0000629774
=LKR  \\$aPAR$b008888137$lBLL01$r776$mCompositio mathematica (Dordrecht. Online)$nCompositio mathematica (Print)
=MNI  \\$a0010-437X
=SRC  \\$aDSS01$bbibmp10.200404.2.aa
=TCO  \\$aCLA$bCLA$c008
=TOC  \\$aETOC
=ACF  \\$aCurrent copyright fee: GBP22.00$c13\1$e01-apr-2009$fGBP22.00$g0$hP$5Uk
=ACF  \\$aPrevious copyright fee: GBP20.00$c43\0$e01-jul-2009$fGBP20.00$g0$hP$5Uk
=ACF  \\$aPrevious copyright fee: GBP30.00$c43\0$e01-jul-2016$fGBP30.00$g0$hP$5Uk
=ACF  \\$aPrevious Copyright Fee: GBP17.50$c0$e01-apr-2019$fGBP17.50$g0$hA$5Uk
=ACF  \\$aPrevious Copyright Fee: GBP10.00$c0$e01-jul-2019$fGBP10.00$g0$hC$5Uk
=LAS  \\$aIPL-CLA$b00$c20221231$lBLL01$h1448

