=LDR  05706cas a2201213 a 4500
=001  014058507
=003  Uk
=005  20230930080914.0
=006  m\\\\\\\\d\\\\\\\\
=007  cr\un|||||||||
=008  050614c19859999sa\qr\pss\\\\\0\\\a0afr\d
=FMT  \\$a  SE
=010  \\$a2007213189
=015  \\$aGBA782621$2bnb
=022  0\$a1753-5387
=037  \\$aISSN_02564718$bPortico$nTaylor & Francis
=040  \\$aOCLCS$beng$cOCLCS$dNSD$dMUQ$dUk
=041  0\$aafr$aeng
=042  \\$aukblsr
=082  10$a820.9968$222
=130  0\$aJournal of literary studies (Pretoria, South Africa : Online)
=222  \0$aJournal of literary studies$b(Pretoria, South Africa. Online)
=245  10$aJournal of literary studies$h[electronic resource].
=246  30$aTydskrif vir literatuurwetenskap
=246  13$aJLS
=246  13$aTLW
=246  13$aJLS/TLW
=260  \\$aPretoria :$bSAVAL (South African Society for General Literary Studies)
=264  \1$a[South Africa?] :$bpublished by the South African Literary Society in partnership with Unisa Press and Taylor & Francis
=310  \\$aQuarterly
=336  \\$atext$2rdacontent
=337  \\$acomputer$2rdamedia
=338  \\$aonline resource$2rdacarrier
=362  1\$aPrint began with v. 1, no. 1 (Jan. 1985).
=500  \\$aCo-published with UNISA Press.
=500  \\$aDescription based on print version record.
=530  \\$aAlso issued in print.
=546  \\$aIn Afrikaans and English.
=588  \\$aLatest issue consulted: Volume 32, issue 1 (2016) (viewed June 16, 2016).
=540  \\$aCurrent copyright fee: GBP40.25$c0$5Uk
=650  \0$aSouth African literature$xHistory and criticism$vPeriodicals.
=650  \0$aLiterature$xHistory and criticism$vPeriodicals.
=710  2\$aSAVAL (Organization)
=776  1\$tJournal of literary studies (Pretoria, South Africa)$x0256-4718
=859  \\$aELD$bejournal
=856  40$uhttp://infotrac.galegroup.com/itw/infomark/1/1/1/purl=rc18%5fEAIM%5F0%5F%5Fjn+%22Journal+of+Literary+Studies%22
=856  40$uhttp://www.tandf.co.uk/journals/titles/02564718.asp
=852  41$aBritish Library$bHMNTS$jELD Digital store$3Volume 32:Issue 1(2016)-Volume 37:Issue 4(2021)***Previous issues available in print copy
=852  41$aBritish Library$bDSC$j5010.520500$3Volume 23:Issue 1 (2007)-Volume 25:Issue 3(2009)***See ESTAR for full holdings.
=945  \\$aJournal of literary studies -Pretoria-
=959  \\$fHeld but not currently received
=985  \\$aISSN responsibility transferred to the United States ISSN Centre June 2007 (Multinational Publisher Agreement).
=985  \\$aPublr info from Aims & scope; same as on PDF but separately presented there.
=CAT  \\$a3072$b40$c20071010$lBLL01$h1521
=CAT  \\$a6790$b40$c20160115$lBLL01$h1115
=CAT  \\$a6790$b40$c20160115$lBLL01$h1116
=CAT  \\$a3072$b40$c20160616$lBLL01$h1551
=CAT  \\$a3072$b40$c20160616$lBLL01$h1557
=CAT  \\$a3072$b40$c20160616$lBLL01$h1558
=CAT  \\$aBATCH-UPD$b40$c20161122$lBLL01$h1513
=CAT  \\$aIPL-CLA$c20161230$lBLL01$h2234
=CAT  \\$aBATCH-UPD$b00$c20171121$lBLL01$h1648
=CAT  \\$aW1711-1005$c20171206$lBLL01$h1820
=CAT  \\$aIPL-CLA$c20171231$lBLL01$h1717
=CAT  \\$a10983$b40$c20180110$lBLL01$h0810
=CAT  \\$aBATCH-UPD$b40$c20181217$lBLL01$h1639
=CAT  \\$aIPL-CLA$c20181231$lBLL01$h1546
=CAT  \\$aBATCH-UPD$b00$c20191122$lBLL01$h1901
=CAT  \\$aIPL-CLA$c20191231$lBLL01$h1952
=CAT  \\$aBATCH-UPD$b00$c20201118$lBLL01$h1335
=CAT  \\$aIPL-CLA$c20201231$lBLL01$h1530
=CAT  \\$aBATCH-UPD$b00$c20221121$lBLL01$h1348
=CAT  \\$aIPL-CLA$c20221231$lBLL01$h1448
=CAT  \\$a12654$b40$c20230802$lBLL01$h0926
=CAT  \\$a12654$b40$c20230802$lBLL01$h0929
=CAT  \\$aDEL-3PM$c20230807$lBLL01$h0859
=CAT  \\$a12654$b40$c20230912$lBLL01$h1006
=CAT  \\$a12654$b40$c20230912$lBLL01$h1007
=CAT  \\$aIPL-CLA$c20230930$lBLL01$h0809
=CFI  0\$aCurrent copyright fee: GBP40.25$c0$e01-oct-2023$fGBP40.25$g0$hC$5Uk
=CFI  2\$aPrevious copyright fee: GBP25.00$c0$e02-aug-2023$fGBP25.00$g0$hA$5Uk
=EST  \\$a1
=FIN  \\$aY$d20071010
=MNI  \\$a0256-4718
=SID  \\$aZ39$bOCLC
=TCO  \\$aZAF$bDALRO$c008
=TOC  \\$aETOC
=ACF  \\$aPrevious copyright fee: GBP17.00$c2\0$e01-jan-2010$fGBP17.00$g0$hP$5Uk
=ACF  \\$aPrevious copyright fee: GBP16.00$c2\0$e01-jan-2009$fGBP16.00$g0$hP$5Uk
=ACF  \\$aPrevious copyright fee: GBP15.00$c2\0$e01-apr-2008$fGBP15.00$g0$hP$5Uk
=ACF  \\$aPrevious Copyright Fee: GBP16.00$c2\0$e11-oct-2007$fGBP16.00$g0$hP$5Uk
=ACF  \\$aPrevious copyright fee: GBP21.00$c2\0$e01-jan-2011$fGBP21.00$g0$hP$5Uk
=ACF  \\$aPrevious copyright fee: GBP23.00$c2\0$e01-jan-2012$fGBP23.00$g0$hP$5Uk
=ACF  \\$aPrevious copyright fee: GBP23.50$c2\0$e01-jan-2013$fGBP23.50$g0$hP$5Uk
=ACF  \\$aPrevious copyright fee: GBP24.00$c2\0$e01-jan-2014$fGBP24.00$g0$hP$5Uk
=ACF  \\$aPrevious copyright fee: GBP25.00$c2\0$e01-jan-2015$fGBP25.00$g0$hP$5Uk
=ACF  \\$aPrevious copyright fee: GBP26.00$c2\0$e01-jan-2016$fGBP26.00$g0$hP$5Uk
=ACF  \\$aPrevious copyright fee: GBP28.00$c2\0$e01-jan-2017$fGBP28.00$g0$hP$5Uk
=ACF  \\$aPrevious copyright fee: GBP30.00$c2\0$e01-jan-2018$fGBP30.00$g0$hP$5Uk
=ACF  \\$aPrevious copyright fee: GBP32.00$c2\0$e01-jan-2019$fGBP32.00$g0$hP$5Uk
=ACF  \\$aPrevious copyright fee: GBP34.00$c2\0$e01-jan-2020$fGBP34.00$g0$hP$5Uk
=ACF  \\$aPrevious copyright fee: GBP37.00$c2\0$e01-jan-2023$fGBP37.00$g0$hP$5Uk
=ACF  \\$aPrevious copyright fee: GBP35.00$c2\0$e01-jan-2021$fGBP35.00$g0$hP$5Uk
=LAS  \\$aIPL-CLA$b00$c20230930$lBLL01$h0809

