=LDR  05928cas a2201285 a 4500
=001  014514931
=003  Uk
=005  20221013091755.0
=006  m\\\\\o\\d\\\\\\\\
=007  cr\|||||||||||
=008  010919c19969999ja\bx\pso\\\\\0\\\a0eng\c
=FMT  \\$a  SE
=010  \\$a  2001233979
=022  0\$a1347-4715$l1342-078X
=030  \\$aEHPMF7
=035  \\$a(OCoLC)47992699
=037  \\$a???$bBioMed Central
=040  \\$aGU$beng$cGU$dOCoLC$dICU$dOCoLC$dDNAL$dOCoLC$dWaSeSS$dIaU$dOCoLC$dMCM$dOCoLC$dUk
=042  \\$aukblsr
=050  14$aRA565.A1$bE58
=060  00$aW1$bEN982M
=070  0\$aRA565.A1$bE583
=072  \0$aX380
=082  04$a614.44$223
=130  0\$aEnvironmental health and preventive medicine (Online)
=210  1\$aEnviron. health prev. med.$b(Online)
=222  \0$aEnvironmental health and preventive medicine$b(Online)
=245  10$aEnvironmental health and preventive medicine$h[electronic resource] /$cthe Japanese Society for Hygiene.
=246  13$aEHPM
=260  \\$a[Sapporo, Japan] :$bJapanese Society for Hygiene
=264  21$3-2021:$aTokyo :$bSpringer Japan
=264  31$32022-$aKyoto :$bJapanese Society for Hygiene
=310  \\$aSix issues yearly,$b2002-
=321  \\$aQuarterly,$b-2001
=336  \\$atext$2rdacontent
=337  \\$acomputer$2rdamedia
=338  \\$aonline resource$2rdacarrier
=362  1\$aPrint began with vol. 1, no. 1 (Apr. 1996).
=500  \\$aAlso published in Japanese.
=530  \\$aAlso issued in print.
=538  \\$aMode of access: World Wide Web.
=588  \\$aDescription based on: Vol. 5, no. 1 (2000); title from title screen (viewed Aug. 24, 2001).
=588  \\$aLatest issue consulted: volume 27 (2022) (J-STAGE, viewed October 13, 2022).
=540  \\$aBritish Library not licensed to copy$c0$5Uk
=650  \0$aEnvironmental health$vPeriodicals.
=650  \0$aHolistic medicine$vPeriodicals.
=710  2\$aNihon Eisei Gakkai.
=776  1\$tEnvironmental health and preventive medicine$x1342-078X
=859  \\$aELD$bejournal
=856  40$uhttp://www.springerlink.com/content/1342-078X
=856  40$uhttps://www.jstage.jst.go.jp/browse/ehpm/
=852  41$aBritish Library$bDSC$j3791.486000$3Volume 2:Issue 4(1998)-Volume 21:Issue 6(2016)***See ESTAR for full holdings.
=852  41$aBritish Library$bHMNTS$jELD Digital store$3Volume 20:Issue 2(2015)-Volume 25:Issue 1(2020)***Previous issues available in print copy
=945  \\$aEnvironmental health and preventive medicine
=959  \\$fHeld but not currently received
=CAT  \\$a7174$b40$c20080206$lBLL01$h1047
=CAT  \\$aBATCH-UPD$b00$c20160217$lBLL01$h1743
=CAT  \\$aIPL-CLA$c20160331$lBLL01$h1748
=CAT  \\$aBATCH-UPD$b00$c20160524$lBLL01$h2212
=CAT  \\$aBATCH-UPD$b00$c20160525$lBLL01$h0033
=CAT  \\$aBATCH-UPD$b00$c20160824$lBLL01$h1810
=CAT  \\$aIPL-CLA$c20160930$lBLL01$h1619
=CAT  \\$aBATCH-UPD$b00$c20170216$lBLL01$h1859
=CAT  \\$aIPL-CLA$c20170331$lBLL01$h1857
=CAT  \\$a12654$b40$c20170627$lBLL01$h1147
=CAT  \\$aBATCH-UPD$b40$c20170904$lBLL01$h1909
=CAT  \\$aIPL-CLA$c20170929$lBLL01$h1743
=CAT  \\$a12654$b40$c20171027$lBLL01$h1131
=CAT  \\$a9667$b40$c20180201$lBLL01$h1424
=CAT  \\$aBATCH-UPD$b40$c20180223$lBLL01$h1742
=CAT  \\$aIPL-CLA$c20180331$lBLL01$h1636
=CAT  \\$a8055$b40$c20180502$lBLL01$h1239
=CAT  \\$a8055$b40$c20180502$lBLL01$h1246
=CAT  \\$a5552$b40$c20180822$lBLL01$h0848
=CAT  \\$a5410$b40$c20211005$lBLL01$h0835
=CAT  \\$a12654$b40$c20211111$lBLL01$h0947
=CAT  \\$aIPL-CLA$c20211231$lBLL01$h1544
=CAT  \\$aDEL-3PM$c20220105$lBLL01$h1525
=CAT  \\$aBATCH-CLA$b00$c20220329$lBLL01$h1633
=CAT  \\$aIPL-CLA$c20220331$lBLL01$h1952
=CAT  \\$a8124$b40$c20221013$lBLL01$h0917
=CFI  0\$aBritish Library not licensed to copy$c0$e01-apr-2022$hC$iCFP Excluded$5Uk
=CFI  2\$aPrevious copyright fee: GBP22.50$c0$e01-jan-2022$fGBP22.50$g0$hA$5Uk
=EST  \\$a1
=FIN  \\$aY$d20141003
=LKR  \\$aPAR$b010198075$lBLL01$r776$mEnvironmental health and preventive medicine (Online).$nEnvironmental health and preventive medicine (Print).
=MNI  \\$a1342-078X
=SRC  \\$aBLL02
=TCO  \\$aJPN$bJAACC$c008
=TOC  \\$aETOC
=UNO  \\$aY
=ACF  \\$aPrevious copyright fee: GBP21.25$c23\3$e01-jan-2009$fGBP21.25$g0$hP$5Uk
=ACF  \\$aPrevious Copyright Fee: GBP16.75$c23\3$e06-feb-2008$fGBP16.75$g0$hP$5Uk
=ACF  \\$aPrevious copyright fee: GBP22.00$c23\3$e01-apr-2009$fGBP22.00$g0$hP$5Uk
=ACF  \\$aPrevious copyright fee: GBP22.00$c23\3$e12-aug-2012$fGBP22.00$g0$hP$5Uk
=ACF  \\$aPrevious copyright fee: GBP25.00$c23\3$e01-jan-2013$fGBP25.00$g0$hP$5Uk
=ACF  \\$aPrevious copyright fee: GBP25.77$c23\3$e01-jul-2013$fGBP25.77$g0$hP$5Uk
=ACF  \\$aPrevious copyright fee: GBP24.97$c23\3$e01-jan-2014$fGBP24.97$g0$hP$5Uk
=ACF  \\$aPrevious copyright fee: GBP24.21$c23\3$e01-jul-2014$fGBP24.21$g0$hP$5Uk
=ACF  \\$aPrevious copyright fee: GBP25.77$c23\3$e01-apr-2015$fGBP25.77$g0$hP$5Uk
=ACF  \\$aPrevious copyright fee: GBP26.63$c23\3$e01-jul-2015$fGBP26.63$g0$hP$5Uk
=ACF  \\$aPrevious copyright fee: GBP25.77$c23\3$e01-oct-2015$fGBP25.77$g0$hP$5Uk
=ACF  \\$aPrevious copyright fee: GBP27.55$c23\3$e01-apr-2016$fGBP27.55$g0$hP$5Uk
=ACF  \\$aPrevious copyright fee: GBP29.59$c23\3$e01-oct-2016$fGBP29.59$g0$hP$5Uk
=ACF  \\$aPrevious copyright fee: GBP31.96$c23\3$e01-apr-2017$fGBP31.96$g0$hP$5Uk
=ACF  \\$aPrevious copyright fee: zero$c23\3$e02-may-2018$fGBP0.00$g0$hP$5Uk
=ACF  \\$aPrevious copyright fee: GBP28.54$c23\3$e01-apr-2018$fGBP28.54$g0$hP$5Uk
=ACF  \\$aPrevious copyright fee: GBP30.73$c23\3$e01-oct-2017$fGBP30.73$g0$hP$5Uk
=ACF  \\$aPrevious copyright fee: zero$c22\1$e22-aug-2018$fGBP0.00$g0$hP$5Uk
=LAS  \\$a8124$b40$c20221013$lBLL01$h0917

