=LDR  05025cas a2201093 a 4500
=001  014562974
=003  Uk
=005  20221231144910.0
=006  m\\\\\\\\d\\\\\\\\
=007  cr\|||||||||||
=008  080313c20089999xx\qr\poo\\\\\0\\\a0eng\\
=FMT  \\$a  SE
=015  \\$aGBB773870$2bnb
=022  \\$a1875-6859
=037  \\$a???$bPortico$nElsevier
=040  \\$aUk$beng$cUk
=042  \\$aukblsr
=082  04$a613.0423$223
=130  0\$aJournal of men's health (Online)
=222  \0$aJournal of men's health$b(Online)
=245  10$aJournal of men's health$h[electronic resource].
=260  \\$a[S.l.] :$bElsevier Science,$c2008-
=260  3\$aNew Rochelle, NY :$bMary Ann Liebert, Inc. Publishers,$c[2015]
=310  \\$aQuarterly
=336  \\$atext$2rdacontent
=337  \\$acomputer$2rdamedia
=338  \\$aonline resource$2rdacarrier
=362  0\$aVol. 5, issue 1 (Mar. 2008)-
=500  \\$aTitle from cover PDF (ScienceDirect, viewed June 7, 2011).
=550  \\$aOfficial journal of the International Society of Men's Health.
=540  \\$aBritish Library not licensed to copy$c0$5Uk
=650  \0$aMen$xHealth and hygiene$vPeriodicals.
=710  2\$aInternational Society of Men's Health.
=776  0\$tJournal of men's health$x1875-6867
=780  00$tJournal of men's health & gender (Online)$x1571-8913
=859  \\$aELD$bejournal
=856  40$uhttp://www.sciencedirect.com/science/journal/18756867
=852  41$aBritish Library$bHMNTS$jELD Digital store$3Content not received
=852  41$aBritish Library$bDSC$j5017.644200$3Volume 5:Issue 1(2008)-Volume 6:Issue 4(2009)***See ESTAR for full holdings.***Some issues available for 2010
=945  \\$aJournal of mens health
=959  \\$fHeld but not currently received
=985  \\$aAC: 710 not on NACO.
=CAT  \\$a7174$b40$c20080313$lBLL01$h1127
=CAT  \\$a5552$b40$c20150521$lBLL01$h1611
=CAT  \\$aBATCH-CLA$b00$c20150529$lBLL01$h1529
=CAT  \\$a12654$b40$c20150609$lBLL01$h1141
=CAT  \\$aIPL-CLA$c20150630$lBLL01$h1700
=CAT  \\$aBATCH-CLA$b00$c20151127$lBLL01$h1631
=CAT  \\$aWR15058$c20151230$lBLL01$h1441
=CAT  \\$a10902$b40$c20160213$lBLL01$h1102
=CAT  \\$a5552$b40$c20160922$lBLL01$h1212
=CAT  \\$aBLDSS-3PM$b00$c20160927$lBLL01$h1707
=CAT  \\$aBATCH-UPD$b00$c20160927$lBLL01$h1717
=CAT  \\$a10806$b40$c20170428$lBLL01$h1411
=CAT  \\$aBATCH-UPD$b40$c20171121$lBLL01$h1749
=CAT  \\$aW1711-1005$c20171206$lBLL01$h1821
=CAT  \\$aIPL-CLA$c20171231$lBLL01$h1732
=CAT  \\$aBATCH-UPD$b00$c20190521$lBLL01$h1441
=CAT  \\$aIPL-CLA$c20190630$lBLL01$h1540
=CAT  \\$a12654$b40$c20200203$lBLL01$h0827
=CAT  \\$a12654$b40$c20200203$lBLL01$h0830
=CAT  \\$aDEL-3PM$c20200210$lBLL01$h1220
=CAT  \\$aBATCH-CLA$b00$c20200325$lBLL01$h1254
=CAT  \\$aIPL-CLA$c20200331$lBLL01$h1621
=CAT  \\$aBATCH-CLA$b00$c20210328$lBLL01$h1328
=CAT  \\$aIPL-CLA$c20210331$lBLL01$h1701
=CAT  \\$aBATCH-CLA$b00$c20221206$lBLL01$h1805
=CAT  \\$aIPL-CLA$c20221231$lBLL01$h1449
=CFI  0\$aBritish Library not licensed to copy$c0$e01-jan-2023$hC$iCFP Excluded$5Uk
=CFI  2\$aPrevious Copyright Fee: GBP34.00$c0$e01-apr-2021$fGBP34.00$g0$hC$5Uk
=EST  \\$a1
=FIN  \\$aY$d20110607
=LKR  \\$aPAR$b013009418$lBLL01$nThe journal of men's health &$mJournal of men's health (Onlin$r78000
=LKR  \\$aPAR$b014563241$lBLL01$r776$mJournal of men's health (Online)$nThe Journal of men's health (Print)
=MNI  \\$a1875-6867
=TCO  \\$aXXX$c008
=TOC  \\$aETOC
=ACF  \\$aPrevious Copyright Fee: GBP19.00$c5\1$e13-mar-2008$fGBP19.00$g0$hP$5Uk
=ACF  \\$aPrevious copyright fee: GBP20.00$c5\1$e01-jan-2009$fGBP20.00$g0$hP$5Uk
=ACF  \\$aPrevious copyright fee: GBP22.50$c5\1$e01-jan-2013$fGBP22.50$g0$hP$5Uk
=ACF  \\$aPrevious copyright fee: GBP21.00$c5\1$e01-jan-2012$fGBP21.00$g0$hP$5Uk
=ACF  \\$aPrevious Copyright Fee: GBP21.00$c0$e01-jan-2014$fGBP21.00$g0$hC$5Uk
=ACF  \\$aPrevious copyright fee: GBP12.00$c0$e17-oct-2013$fGBP12.00$g0$hA$5Uk
=ACF  \\$aPrevious copyright fee: GBP31.88$c18\0$e19-feb-2014$fGBP31.88$g0$hP$5Uk
=ACF  \\$aPrevious copyright fee: GBP32.90$c18\0$e01-apr-2015$fGBP32.90$g0$hP$5Uk
=ACF  \\$aPrevious copyright fee: GBP30.91$c18\0$e01-jul-2014$fGBP30.91$g0$hP$5Uk
=ACF  \\$aPrevious Copyright Fee: GBP21.00$c0$e01-jul-2015$fGBP21.00$g0$hC$5Uk
=ACF  \\$aPrevious copyright fee: GBP12.30$c0$e19-may-2015$fGBP12.30$g0$hA$5Uk
=ACF  \\$aPrevious Copyright Fee: GBP22.50$c5\1$e22-sep-2016$fGBP22.50$g0$hP$5Uk
=ACF  \\$aPrevious copyright fee: GBP32.84$c5\1$e01-jul-2019$fGBP32.84$g0$hP$5Uk
=ACF  \\$aPrevious copyright fee: GBP23.40$c5\1$e01-jan-2018$fGBP23.40$g0$hP$5Uk
=ACF  \\$aPrevious copyright fee: GBP20.00$c0$e03-feb-2020$fGBP20.00$g0$hA$5Uk
=ACF  \\$aPrevious Copyright Fee: GBP23.40$c0$e01-apr-2020$fGBP23.40$g0$hC$5Uk
=LAS  \\$aIPL-CLA$b00$c20221231$lBLL01$h1449

