=LDR  04121cas a2200985 a 4500
=001  014571898
=003  Uk
=005  20230511162944.0
=006  m\\\\\o\\d\\\\\\\\
=007  cr\an|||||||||
=008  080327c19869999enkqr\p\o\\\\\0\\\a0eng\\
=FMT  \\$a  SE
=015  \\$aGBB350865$2bnb
=022  \\$a1548-1360$y0886-7356
=037  \\$aISSN_08867356_2$bPortico$nWiley
=040  \\$aUk$beng$cUk$dUk
=042  \\$aukblsr
=082  00$a306.05$222
=130  0\$aCultural anthropology (Online)
=222  \0$aCultural anthropology$b(Online)
=245  10$aCultural anthropology$h[electronic resource].
=260  \\$aWashington, D.C. :$bAmerican Anthropological Association
=260  3\$32008-$a[Oxford U.K.] :$bBlackwell Publishing
=310  \\$aQuarterly
=336  \\$atext$2rdacontent
=337  \\$acomputer$2rdamedia
=338  \\$aonline resource$2rdacarrier
=362  1\$aPrint began with vol. 1, no. 1 (Feb. 1986).
=530  \\$aAlso issued in print.
=516  \\$aPDF format
=538  \\$aMode of access: World Wide Web.
=550  \\$aPublished for: Society for Cultural Anthropology.
=588  \\$aLatest issue consulted: volume 29, issue 1 (February 2014) (Wiley Online Library, viewed April 29, 2014).
=540  \\$aBritish Library not licensed to copy$c0$5Uk
=650  \0$aEthnology$vPeriodicals.
=776  08$iPrint version:$tCultural anthropology$x0886-7356
=859  \\$aELD$bejournal
=856  40$uhttp://onlinelibrary.wiley.com/journal/10.1111/(ISSN)1548-1360
=852  41$aBritish Library$bDSC$j3491.661000$3Volume 23:Issue 1(2008)-Volume 28:Issue 4(2013)***See ESTAR for full holdings.
=852  41$aBritish Library$bSTI$jELD Digital store$3Volume 28:Number 1(2013:Feb.)-***Previous issues available in print copy
=945  \\$aCultural anthropology -Washington-
=959  \\$fHeld but not currently received
=979  \\$aBritish Library$bDSC$j3491.661000
=CAT  \\$a7174$b40$c20080327$lBLL01$h1309
=CAT  \\$aBATCH-CLA$b00$c20121109$lBLL01$h1723
=CAT  \\$a8456$b40$c20130524$lBLL01$h0903
=CAT  \\$a8456$b40$c20130524$lBLL01$h0904
=CAT  \\$aWR13.114$c20130717$lBLL01$h1314
=CAT  \\$aBATCH-PORT$c20130829$lBLL01$h1113
=CAT  \\$a12654$b40$c20140106$lBLL01$h0937
=CAT  \\$aWR14_009$c20140204$lBLL01$h2343
=CAT  \\$a8483$b40$c20140429$lBLL01$h1203
=CAT  \\$aBLDSS-3PM$b00$c20141214$lBLL01$h1525
=CAT  \\$aBATCH-UPD$b00$c20150215$lBLL01$h1632
=CAT  \\$aIPL-CLA$c20150228$lBLL01$h2053
=CAT  \\$aBATCH-UPD$b00$c20160523$lBLL01$h1556
=CAT  \\$aW1703-0316$c20170306$lBLL01$h1826
=CAT  \\$aW1703-0316$c20170307$lBLL01$h1649
=CAT  \\$aIPL-CLA$c20170307$lBLL01$h1824
=CAT  \\$aW1711-1005$c20171206$lBLL01$h1821
=CAT  \\$aBATCH-UPD$b00$c20180219$lBLL01$h1752
=CAT  \\$aBATCH-UPD$b00$c20181121$lBLL01$h1624
=CAT  \\$aIPL-CLA$c20181231$lBLL01$h1547
=CAT  \\$a5410$b40$c20190822$lBLL01$h1119
=CAT  \\$a5410$b40$c20190828$lBLL01$h1126
=CAT  \\$a12654$b40$c20191105$lBLL01$h0813
=CAT  \\$aDEL-3PM$c20191112$lBLL01$h1438
=CAT  \\$a5410$b40$c20221025$lBLL01$h1322
=CAT  \\$aBATCH-FIX$c20230511$lBLL01$h1629
=CFI  0\$aBritish Library not licensed to copy$c0$e05-nov-2019$hC$iTX$5Uk
=CFI  2\$aPrevious copyright fee: GBP28.00$c35\0$e01-jan-2019$fGBP28.00$g0$hP$5Uk
=EST  \\$a1
=FIN  \\$aY
=LET  \0$aCultural anthropology (Electronic)
=LKR  \\$aPAR$b007159502$lBLL01$r776$mCultural anthropology (Online)$nCultural anthropology
=MNI  \\$a0886-7356
=TCO  \\$aTRS$bCCC$c008
=TOC  \\$aETOC
=UNO  \\$aY
=ACF  \\$aPrevious copyright fee: GBP24.00$c35\0$e07-mar-2017$fGBP24.00$g0$hP$5Uk
=ACF  \\$aPrevious Copyright Fee: GBP16.00$c10\0$e27-mar-2008$fGBP16.00$g0$hP$5Uk
=ACF  \\$aPrevious copyright fee: GBP17.00$c10\0$e01-jan-2009$fGBP17.00$g0$hP$5Uk
=ACF  \\$aPrevious copyright fee: GBP22.00$c10\0$e01-jan-2011$fGBP22.00$g0$hP$5Uk
=ACF  \\$aPrevious copyright fee: GBP24.00$c10\0$e01-mar-2015$fGBP24.00$g0$hP$5Uk
=LAS  \\$aBATCH-FIX$b00$c20230511$lBLL01$h1629

