=LDR  04963cas a2201069 i 4500
=001  014620848
=003  Uk
=005  20221231144919.0
=006  m\\\\\\\\d\\\\\\\\
=007  cr\|||||||||||
=008  080520c20079999enkfr\p\o\\\\\0\\\a0eng\\
=FMT  \\$a  SE
=015  \\$aGBB368721$2bnb
=022  0\$a1750-6824$y1750-6816
=037  \\$areep$bOxford University Press
=037  3\$aISSN_17506816$bPortico$nOxford University Press
=040  \\$aUk$beng$cUk$dUk$erda
=042  \\$aukblsr
=082  04$a333.705$223
=210  0\$aRev. environ. economics policy$b(Online)
=222  \0$aReview of environmental economics and policy$b(Online)
=245  00$aReview of environmental economics and policy.
=246  13$aREEP
=260  \\$aOxford :$bOxford University Press
=264  21$aCary, NC :$bOxford Journals
=264  31$32021-$aChicago, IL :$bUniversity of Chicago Press
=310  \\$aSemiannual
=336  \\$atext$2rdacontent
=337  \\$acomputer$2rdamedia
=338  \\$aonline resource$2rdacarrier
=362  0\$aVolume 1 number 1 (winter 2007)-
=500  \\$aTitle from PDF table of contents (Oxford Journals, viewed August 6, 2013).
=550  \\$aPublished on behalf of: Association of Environmental and Resource Economists.
=588  \\$aLatest issue consulted: volume 15, issue 1 (winter 2021) (University of Chicago Press Journals, viewed April 22, 2021).
=540  \\$aCurrent Copyright Fee: GBP25.00$c0$5Uk
=650  \0$aEnvironmental economics$vPeriodicals.
=650  \0$aEnvironmental policy$vPeriodicals.
=710  2\$aAssociation of Environmental and Resource Economists (U.S.)
=776  08$iAlso issued in print as:$tReview of environmental economics and policy$x1750-6816
=859  \\$aELD$bejournal
=856  40$uhttp://reep.oxfordjournals.org
=856  40$uhttps://www.journals.uchicago.edu/loi/reep
=852  41$aBritish Library$bDSC$j7790.523000$3Volume 1:Issue 2(2007)-Volume 5:Issue 2(2011)***See ESTAR for full holdings.
=852  41$aBritish Library$bHMNTS$jELD Digital store$3Volume 8:Number 1(2014)-Volume 14:Number 2(2020)***Previous issues available in print copy
=945  \\$aReview of environmental economics and policy
=959  \\$fHeld but not currently received
=985  \\$aISSN UK Centre: responsibility transferred to US Center 22/4/21.
=CAT  \\$a7174$b40$c20080520$lBLL01$h1636
=CAT  \\$a11316$b40$c20130806$lBLL01$h1340
=CAT  \\$a10902$b40$c20131202$lBLL01$h1040
=CAT  \\$a8323$b40$c20140205$lBLL01$h0959
=CAT  \\$aBATCH-UPD$b40$c20141124$lBLL01$h1811
=CAT  \\$aBLDSS-3PM$b00$c20141208$lBLL01$h1626
=CAT  \\$aIPL-CLA$c20141231$lBLL01$h1658
=CAT  \\$aBATCH-UPD$b00$c20151119$lBLL01$h1552
=CAT  \\$aIPL-CLA$c20151231$lBLL01$h1929
=CAT  \\$aBATCH-UPD$b00$c20160524$lBLL01$h2212
=CAT  \\$aBATCH-UPD$b00$c20160525$lBLL01$h0035
=CAT  \\$aBATCH-UPD$b00$c20161122$lBLL01$h1521
=CAT  \\$aIPL-CLA$c20161230$lBLL01$h2305
=CAT  \\$aBATCH-UPD$b00$c20171121$lBLL01$h1704
=CAT  \\$aW1711-1005$c20171206$lBLL01$h1821
=CAT  \\$aIPL-CLA$c20171231$lBLL01$h1734
=CAT  \\$aBATCH-UPD$b00$c20181217$lBLL01$h1652
=CAT  \\$aIPL-CLA$c20181231$lBLL01$h1548
=CAT  \\$aW1910-0530$c20191007$lBLL01$h1114
=CAT  \\$aR1911-1518$c20191206$lBLL01$h1418
=CAT  \\$aIPL-CLA$c20191231$lBLL01$h2005
=CAT  \\$a5552$b40$c20210215$lBLL01$h1438
=CAT  \\$aDEL-3PM$c20210224$lBLL01$h1027
=CAT  \\$a10973$b40$c20210422$lBLL01$h1428
=CAT  \\$aBATCH-CLA$b00$c20221221$lBLL01$h1907
=CAT  \\$aIPL-CLA$c20221231$lBLL01$h1449
=CFI  0\$aCurrent Copyright Fee: GBP25.00$c0$e01-jan-2023$fGBP25.00$g0$hA$5Uk
=CFI  2\$aPrevious Copyright Fee: GBP22.50$c0$e15-feb-2021$fGBP22.50$g0$hA$5Uk
=EST  \\$a1
=FIN  \\$aY$d20130806
=LET  \0$aReview of environmental economics and policy (Electronic)
=LKR  \\$aPAR$b013416178$lBLL01$nReview of environmental economics and policy (Print)$mReview of environmental economics and policy (Online)$r776
=MNI  \\$a1750-6816
=TCO  \\$aCLA$bCLA$c008
=TOC  \\$aETOC
=ACF  \\$aPrevious Copyright Fee: GBP18.00$c29\0$e20-may-2008$fGBP18.00$g0$hP$5Uk
=ACF  \\$aPrevious copyright fee: GBP18.00$c29\0$e01-jan-2008$fGBP18.00$g0$hP$5Uk
=ACF  \\$aPrevious copyright fee: GBP20.00$c29\0$e01-jan-2013$fGBP20.00$g0$hP$5Uk
=ACF  \\$aPrevious copyright fee: GBP23.00$c29\0$e01-jan-2015$fGBP23.00$g0$hP$5Uk
=ACF  \\$aPrevious copyright fee: GBP24.00$c29\0$e01-jan-2016$fGBP24.00$g0$hP$5Uk
=ACF  \\$aPrevious copyright fee: GBP26.00$c29\0$e01-jan-2017$fGBP26.00$g0$hP$5Uk
=ACF  \\$aPrevious copyright fee: GBP27.00$c29\0$e01-jan-2018$fGBP27.00$g0$hP$5Uk
=ACF  \\$aPrevious Copyright Fee: GBP20.00$c29\0$e01-jan-2020$fGBP20.00$g0$hP$5Uk
=ACF  \\$aPrevious copyright fee: GBP28.00$c29\0$e01-jan-2019$fGBP28.00$g0$hP$5Uk
=LAS  \\$aIPL-CLA$b00$c20221231$lBLL01$h1449

