=LDR  04786cas a2201057 a 4500
=001  014627926
=003  Uk
=005  20221231144920.0
=006  m\\\\\\\\d\\\\\\\\
=007  cr\|||||||||||
=008  070531c20089999enkqr\pso\\\\\0\\\a0eng\\
=FMT  \\$a  SE
=015  \\$aGBB349059$2bnb
=022  0\$a1754-9434$202
=037  \\$aISSN_17549426$bPortico$nWiley
=037  3\$aISSN_17549426_30$bPortico$nCambridge University Press
=040  \\$aUk$beng$cUk$dUk
=042  \\$aissnuk$aukblsr
=082  04$a158.705$223
=130  0\$aIndustrial and organizational psychology (Malden, Mass. : Online)
=210  0\$aInd. organ. psychol.$b(Online)
=222  \0$aIndustrial and organizational psychology$b(Online)
=245  10$aIndustrial and organizational psychology$h[electronic resource].
=260  2\$aOxford :$bBlackwell Publishing
=260  2\$a[Great Britain] :$bWiley
=264  31$aCambridge :$bCambridge University Press
=310  \\$aQuarterly
=336  \\$atext$2rdacontent
=337  \\$acomputer$2rdamedia
=338  \\$aonline resource$2rdacarrier
=362  0\$aVol. 1, no. 1 (Mar. 2008)-
=500  \\$aTitle from journal home page (Wiley Online Library, viewed Oct. 16, 2012).
=530  \\$aAlso issued in print.
=538  \\$aMode of access: World Wide Web.
=588  \\$aLatest issue consulted: volume 8, issue 1 (March 2015) (Cambridge Journals, viewed May 1, 2015).
=540  \\$aBritish Library not licensed to copy$c0$5Uk
=650  \0$aPsychology, Industrial$vPeriodicals.
=650  \0$aOrganizational behavior$vPeriodicals.
=690  7\$aManagement and Business Studies$2blcoll
=710  2\$aSociety for Industrial and Organizational Psychology (U.S.)
=776  0\$tIndustrial and organizational psychology (Malden, Mass.)$x1754-9426
=859  \\$aELD$bejournal
=856  40$uhttp://onlinelibrary.wiley.com/journal/10.1111/(ISSN)1754-9434
=856  40$uhttp://www.blackwell-synergy.com/loi/iops
=856  40$uhttps://www.cambridge.org/core/journals/industrial-and-organizational-psychology
=852  41$aBritish Library$bDSC$j4445.244500$3Volume 1:Issue 1(2008)-Volume 7:Issue 4(2014)***See ESTAR for full holdings.
=852  41$aBritish Library$bHMNTS$jELD Digital store$3Volume 6:Issue 1(2013:Mar.)-***Previous issues available in print copy
=945  \\$aIndustrial and organizational psychology
=959  \\$fHeld but not currently received
=CAT  \\$a7174$b40$c20080528$lBLL01$h0920
=CAT  \\$aWR14_009$c20140204$lBLL01$h2343
=CAT  \\$aBATCH-CLA$c20140225$lBLL01$h2333
=CAT  \\$aBLDSS-3PM$b00$c20141214$lBLL01$h1525
=CAT  \\$a6811$b40$c20150203$lBLL01$h0905
=CAT  \\$aBATCH-UPD$b40$c20150215$lBLL01$h1632
=CAT  \\$aIPL-CLA$c20150228$lBLL01$h2054
=CAT  \\$a6811$b40$c20150304$lBLL01$h1011
=CAT  \\$a11316$b40$c20150501$lBLL01$h1519
=CAT  \\$aCDS15-UPD$b40$c20150918$lBLL01$h1640
=CAT  \\$a5552$b40$c20160603$lBLL01$h0857
=CAT  \\$aIPL-CLA$c20160630$lBLL01$h1605
=CAT  \\$aBATCH-UPD$b00$c20160705$lBLL01$h2158
=CAT  \\$a10973$b40$c20170905$lBLL01$h1240
=CAT  \\$aW1711-1005$c20171206$lBLL01$h1821
=CAT  \\$a11033$b40$c20180223$lBLL01$h0830
=CAT  \\$aW1902-1304$c20190314$lBLL01$h1240
=CAT  \\$aBATCH-UPD$b00$c20190314$lBLL01$h1619
=CAT  \\$aIPL-CLA$c20190331$lBLL01$h1728
=CAT  \\$aDEL-3PM$c20190409$lBLL01$h0906
=CAT  \\$aBATCH-CLA$b00$c20190621$lBLL01$h1543
=CAT  \\$aIPL-CLA$c20190630$lBLL01$h1540
=CAT  \\$aBATCH-CLA$b00$c20210328$lBLL01$h1328
=CAT  \\$aIPL-CLA$c20210331$lBLL01$h1701
=CAT  \\$aBATCH-CLA$b00$c20221206$lBLL01$h1804
=CAT  \\$aIPL-CLA$c20221231$lBLL01$h1449
=CFI  0\$aBritish Library not licensed to copy$c0$e01-jan-2023$hC$iCFP Excluded$5Uk
=CFI  2\$aPrevious Copyright Fee: GBP22.50$c0$e01-apr-2021$fGBP22.50$g0$hC$5Uk
=EST  \\$a1
=FIN  \\$aY$d20121016
=LKR  \\$aPAR$b013757645$lBLL01$r776$mIndustrial and organizational psychology (Online)$nIndustrial and organizational psychology (Print)
=MNI  \\$a1754-9426
=TCO  \\$aTRS$bCCC$c008
=TOC  \\$aETOC
=ACF  \\$aPrevious Copyright Fee: GBP16.00$c10\0$e28-may-2008$fGBP16.00$g0$hP$5Uk
=ACF  \\$aPrevious copyright fee: GBP17.00$c10\0$e01-jan-2009$fGBP17.00$g0$hP$5Uk
=ACF  \\$aPrevious copyright fee: GBP22.00$c10\0$e01-jan-2011$fGBP22.00$g0$hP$5Uk
=ACF  \\$aPrevious copyright fee: GBP24.00$c10\0$e01-mar-2015$fGBP24.00$g0$hP$5Uk
=ACF  \\$aPrevious copyright fee: GBP25.00$c43\0$e01-jul-2016$fGBP25.00$g0$hP$5Uk
=ACF  \\$aPrevious Copyright Fee: GBP17.50$c0$e01-apr-2019$fGBP17.50$g0$hA$5Uk
=ACF  \\$aPrevious Copyright Fee: GBP10.00$c0$e01-jul-2019$fGBP10.00$g0$hC$5Uk
=LAS  \\$aIPL-CLA$b00$c20221231$lBLL01$h1449

