=LDR  05453cas a2201201 a 4500
=001  014634712
=003  Uk
=005  20221231144921.0
=006  m\\\\\\\\d\\\\\\\\
=007  cr\|||||||||||
=008  030306c20019999nyuqr\pso\\\\\0\\\a0eng\c
=FMT  \\$a  SE
=010  \\$a2004212043
=015  \\$aGBB350511$2bnb
=022  0\$a1548-2456$l1531-426X$y1531-426X$202
=035  \\$a(OCoLC)51836432$z(OCoLC)226074111
=037  3\$aISSN_1531426X_30$bPortico$nCambridge University Press
=037  \\$aISSN_1531426X$bPortico$nWiley
=040  \\$aEQO$cEQO$dMUQ$dOCLCQ$dNSD$dOCLCQ$dOCL$dEYM$dFQG$dGUA$dOCLCQ$dGUA$dDLC$dUk
=042  \\$ansdp$aukblsr$aissnuk
=043  \\$acl-----
=050  14$aF1401
=082  10$a980$223
=130  0\$aLatin American politics and society (Online)
=210  0\$aLat. Am. polit. soc.$b(Online)
=222  \0$aLatin American politics and society$b(Online)
=245  10$aLatin American politics and society$h[electronic resource].
=246  13$aLatin American politics & society
=260  \\$aCoral Gables, Fla. :$bSchool of International Studies, University of Miami,$c2001-
=260  2\$aOxford :$bBlackwell Publishing$32008-
=260  2\$aHoboken, NJ :$bWiley Subscription Services, Inc.
=264  31$32018-$aNew York, NY :$bCambridge University Press
=310  \\$aQuarterly
=336  \\$atext$2rdacontent
=337  \\$acomputer$2rdamedia
=338  \\$aonline resource$2rdacarrier
=362  0\$aVol. 43, no. 1 (spring 2001)-
=500  \\$aTitle from journal information screen (Wiley Interscience, viewed Apr. 23, 2010).
=588  \\$aLatest issue consulted: Vol. 60, no. 1 (spring 2018) (Cambridge Core, viewed April 25, 2018).
=530  \\$aAlso issued in print.
=538  \\$aMode of access: World Wide Web.
=540  \\$aBritish Library not licensed to copy$c0$5Uk
=651  \0$aLatin America$vPeriodicals.
=651  \6$aAmérique latine$vPériodiques.
=650  17$aSociale ontwikkeling.$2gtt
=650  17$aPolitieke ontwikkeling.$2gtt
=710  2\$aUniversity of Miami.$bSchool of International Studies.
=776  1\$tLatin American politics and society$x1531-426X
=780  00$tJournal of interamerican studies and world affairs (Online)$x2162-2736
=859  \\$aELD$bejournal
=856  40$uhttp://muse.jhu.edu/journals/lap
=856  40$uhttp://onlinelibrary.wiley.com/journal/10.1111/(ISSN)1548-2456
=856  40$uhttp://www.jstor.org/journals/1531426X.html
=856  40$uhttps://www.cambridge.org/core/journals/latin-american-politics-and-society
=852  41$aBritish Library$bHMNTS$jELD Digital store$3Volume 53:Number 3(2011:Fall)-***Previous issues available in print copy
=852  41$aBritish Library$bDSC$j5160.092000$3Volume 50:Issue 1(2008)-Volume 56:Issue 4(2014)***See ESTAR for full holdings.
=945  \\$aLatin American politics and society
=959  \\$fHeld but not currently received
=985  \\$aISSN responsibility transferred from U.S. to UK (01/05/18)
=CAT  \\$a7174$b40$c20080604$lBLL01$h1143
=CAT  \\$aBATCH-UPD$b00$c20150215$lBLL01$h1632
=CAT  \\$aIPL-CLA$c20150228$lBLL01$h2054
=CAT  \\$aCDS15-UPD$b40$c20150918$lBLL01$h1640
=CAT  \\$aBATCH-UPD$b40$c20160617$lBLL01$h0817
=CAT  \\$aW1703-0316$c20170306$lBLL01$h1826
=CAT  \\$aW1703-0316$c20170307$lBLL01$h1649
=CAT  \\$aIPL-CLA$c20170307$lBLL01$h1824
=CAT  \\$a8311$b40$c20171116$lBLL01$h1322
=CAT  \\$aW1711-1005$c20171206$lBLL01$h1821
=CAT  \\$a5552$b40$c20180118$lBLL01$h0838
=CAT  \\$a10983$b40$c20180212$lBLL01$h1117
=CAT  \\$a10806$b40$c20180425$lBLL01$h1556
=CAT  \\$a10806$b40$c20180425$lBLL01$h1601
=CAT  \\$a10806$b40$c20180501$lBLL01$h1054
=CAT  \\$a11313$b40$c20180504$lBLL01$h1013
=CAT  \\$aW1902-1304$c20190314$lBLL01$h1240
=CAT  \\$aBATCH-UPD$b00$c20190314$lBLL01$h1619
=CAT  \\$aIPL-CLA$c20190331$lBLL01$h1728
=CAT  \\$aDEL-3PM$c20190409$lBLL01$h0906
=CAT  \\$aBATCH-CLA$b00$c20190621$lBLL01$h1540
=CAT  \\$aIPL-CLA$c20190630$lBLL01$h1540
=CAT  \\$aBATCH-CLA$b00$c20210328$lBLL01$h1319
=CAT  \\$aIPL-CLA$c20210331$lBLL01$h1701
=CAT  \\$aBATCH-CLA$b00$c20221206$lBLL01$h1738
=CAT  \\$aIPL-CLA$c20221231$lBLL01$h1449
=CFI  0\$aBritish Library not licensed to copy$c0$e01-jan-2023$hC$iCFP Excluded$5Uk
=CFI  2\$aPrevious Copyright Fee: GBP22.50$c0$e01-apr-2021$fGBP22.50$g0$hC$5Uk
=EST  \\$a1
=FIN  \\$aY$d20120508
=LKR  \\$aPAR$b011119973$lBLL01$r776$mLatin American politics and society (Online)$nLatin American politics and society
=MNI  \\$a1531-426X
=SID  \\$aZ39$bOCLC
=TCO  \\$aTRS$bCCC$c008
=TOC  \\$aETOC
=ACF  \\$aPrevious Copyright Fee: GBP16.00$c10\0$e04-jun-2008$fGBP16.00$g0$hP$5Uk
=ACF  \\$aPrevious copyright fee: GBP17.00$c10\0$e01-jan-2009$fGBP17.00$g0$hP$5Uk
=ACF  \\$aPrevious copyright fee: GBP22.00$c10\0$e01-jan-2011$fGBP22.00$g0$hP$5Uk
=ACF  \\$aPrevious copyright fee: GBP24.00$c35\0$e07-mar-2017$fGBP24.00$g0$hP$5Uk
=ACF  \\$aPrevious copyright fee: GBP24.00$c10\0$e01-mar-2015$fGBP24.00$g0$hP$5Uk
=ACF  \\$aPrevious copyright fee: GBP25.00$c43\0$e18-jan-2018$fGBP25.00$g0$hP$5Uk
=ACF  \\$aPrevious Copyright Fee: GBP17.50$c0$e01-apr-2019$fGBP17.50$g0$hA$5Uk
=ACF  \\$aPrevious Copyright Fee: GBP10.00$c0$e01-jul-2019$fGBP10.00$g0$hC$5Uk
=LAS  \\$aIPL-CLA$b00$c20221231$lBLL01$h1449

