=LDR  04965cas a2201081 a 4500
=001  014941234
=003  Uk
=005  20230829101912.0
=006  m\\\\\\\\d\\\\\\\\
=007  cr\|||||||||||
=008  090327c20099999gw\\r\p\s\\\\\0\\\a0eng\\
=FMT  \\$a  SE
=022  0\$a1616-8666$y1616-8658
=037  \\$aISSN_16168658_21$bPortico$nTaylor & Francis
=040  \\$aUk$beng$cUk$dUk
=042  \\$aukblsr
=082  04$a629.89$222
=210  10$aFuzzy inf. eng.$b(Internet)
=222  \0$aFuzzy information and engineering$b(Internet)
=245  00$aFuzzy information and engineering$h[electronic resource].
=260  \\$aBerlin ;$aHeidelberg :$bSpringer,$c2009-
=264  21$aAbingdon :$bTaylor & Francis
=264  31$32023-$aBeijing :$bTsinghua University Press
=310  \\$aQuarterly
=336  \\$atext$2rdacontent
=337  \\$acomputer$2rdamedia
=338  \\$aonline resource$2rdacarrier
=362  0\$aVol. 1, no. 1 (Mar. 2009)-
=538  \\$aMode of access: World Wide Web.
=500  \\$aTitle from contents screen (Springer web site, viewed on Oct. 7, 2009).
=588  \\$aLatest issue consulted: volume 15, number 2 (June 2023) (Sciopen website, viewed August 29, 2023).
=540  \\$aCurrent copyright fee: GBP25.00$c0$5Uk
=650  \0$aFuzzy systems$vPeriodicals.
=650  \0$aIntelligent control systems$vPeriodicals.
=776  0\$tFuzzy information and engineering$x1616-8658
=856  40$uhttps://www.sciopen.com/journal/1616-8658
=856  40$uhttps://www.tandfonline.com/journals/tfie20
=859  \\$aELD$bejournal
=852  41$aBritish Library$bDSC$j4060.736900$3Volume 1:Issue 1(2009)-Volume 5:Issue 4(2013)***See ESTAR for full holdings.
=852  41$aBritish Library$bHMNTS$jELD Digital store$3Volume 8:Issue 1(2016)-Volume 14:Issue 4(2022)
=945  \\$aFuzzy information and engineering
=959  \\$fHeld but not currently received
=985  \\$aNo longer published with Springer as of 2014 (Website info viewed 10.6.2014).
=CAT  \\$a6811$b40$c20090327$lBLL01$h1301
=CAT  \\$aBATCH-UPD$b40$c20160217$lBLL01$h1720
=CAT  \\$aIPL-CLA$c20160331$lBLL01$h1753
=CAT  \\$aBATCH-UPD$b00$c20160524$lBLL01$h2213
=CAT  \\$aBATCH-UPD$b00$c20160525$lBLL01$h0040
=CAT  \\$aBATCH-UPD$b00$c20160824$lBLL01$h1749
=CAT  \\$aIPL-CLA$c20160930$lBLL01$h1624
=CAT  \\$aBATCH-UPD$b00$c20170216$lBLL01$h1836
=CAT  \\$aIPL-CLA$c20170331$lBLL01$h1902
=CAT  \\$aBATCH-UPD$b00$c20170904$lBLL01$h1845
=CAT  \\$aIPL-CLA$c20170929$lBLL01$h1748
=CAT  \\$aBATCH-UPD$b00$c20180223$lBLL01$h1705
=CAT  \\$aIPL-CLA$c20180331$lBLL01$h1642
=CAT  \\$aBATCH-UPD$b00$c20180524$lBLL01$h1708
=CAT  \\$aIPL-CLA$c20180630$lBLL01$h1928
=CAT  \\$a5552$b40$c20181219$lBLL01$h1237
=CAT  \\$aIPL-CLA$c20181231$lBLL01$h1549
=CAT  \\$aBATCH-UPD$b00$c20190101$lBLL01$h2258
=CAT  \\$a11450$b40$c20191127$lBLL01$h0939
=CAT  \\$a15001$b40$c20200123$lBLL01$h1643
=CAT  \\$a15020$b40$c20200921$lBLL01$h1355
=CAT  \\$a8124$b40$c20201124$lBLL01$h1501
=CAT  \\$a8124$b40$c20201124$lBLL01$h1508
=CAT  \\$a8055$b40$c20221222$lBLL01$h1142
=CAT  \\$aIPL-CLA$c20221231$lBLL01$h1449
=CAT  \\$aDEL-3PM$c20230116$lBLL01$h0957
=CAT  \\$a8483$b40$c20230829$lBLL01$h1019
=CFI  0\$aCurrent copyright fee: GBP25.00$c0$e01-jan-2023$fGBP25.00$g0$hA$5Uk
=CFI  2\$aPrevious copyright fee: zero$c2\0$e01-jan-2019$fGBP0.00$g0$hP$5Uk
=EST  \\$a1
=FIN  \\$aY$d20091007
=MNI  \\$a1616-8658
=TCO  \\$aDEU$bVG WORT$c008
=TOC  \\$aETOC
=ACF  \\$aPrevious copyright fee: GBP22.00$c22\1$e27-mar-2009$fGBP22.00$g0$hP$5Uk
=ACF  \\$aPrevious copyright fee: GBP22.00$c22\1$e12-aug-2012$fGBP22.00$g0$hP$5Uk
=ACF  \\$aPrevious copyright fee: GBP25.00$c22\1$e01-jan-2013$fGBP25.00$g0$hP$5Uk
=ACF  \\$aPrevious copyright fee: GBP25.77$c22\1$e01-jul-2013$fGBP25.77$g0$hP$5Uk
=ACF  \\$aPrevious copyright fee: GBP24.97$c22\1$e01-jan-2014$fGBP24.97$g0$hP$5Uk
=ACF  \\$aPrevious copyright fee: GBP24.21$c22\1$e01-jul-2014$fGBP24.21$g0$hP$5Uk
=ACF  \\$aPrevious copyright fee: GBP25.77$c22\1$e01-apr-2015$fGBP25.77$g0$hP$5Uk
=ACF  \\$aPrevious copyright fee: GBP26.63$c22\1$e01-jul-2015$fGBP26.63$g0$hP$5Uk
=ACF  \\$aPrevious copyright fee: GBP25.77$c22\1$e01-oct-2015$fGBP25.77$g0$hP$5Uk
=ACF  \\$aPrevious copyright fee: GBP27.55$c22\1$e01-apr-2016$fGBP27.55$g0$hP$5Uk
=ACF  \\$aPrevious copyright fee: GBP29.59$c22\1$e01-oct-2016$fGBP29.59$g0$hP$5Uk
=ACF  \\$aPrevious copyright fee: GBP31.96$c22\1$e01-apr-2017$fGBP31.96$g0$hP$5Uk
=ACF  \\$aPrevious copyright fee: GBP30.73$c22\1$e01-oct-2017$fGBP30.73$g0$hP$5Uk
=ACF  \\$aPrevious copyright fee: GBP28.54$c22\1$e01-apr-2018$fGBP28.54$g0$hP$5Uk
=ACF  \\$aPrevious copyright fee: GBP34.00$c22\1$e01-jul-2018$fGBP34.00$g0$hP$5Uk
=LAS  \\$a8483$b40$c20230829$lBLL01$h1019

